2960 3806
1256 308 1500 377 <ss33>

375 451 654 517 complecti,
692 449 887 514 quibus,
921 455 1099 513 praeter
1134 450 1249 496 vim
1287 454 1336 496 et
1370 449 1718 512 pecuniam,
1754 449 1895 513 leges
1930 449 2079 497 irritae
2113 452 2380 501 reddeban-

376 543 474 598 tur,
510 535 733 601 inprimis
788 534 1252 593 „adulationem
1295 547 1634 598 precesque
1683 534 1990 593 sordidas,
2047 535 2380 597 calumnias

375 638 444 670 ae
480 619 836 670 mendacia⁶‘.
873 618 1034 665 Docet
1068 618 1218 681 igitur
1251 618 1332 665 hie
1367 618 1527 677 locus,
1565 633 1740 666 vocem
1776 619 2115 677 ‚‚ambitus“
2152 625 2228 677 (ut
2263 638 2378 670 am-

375 704 658 766 bitionis)
684 703 832 751 latius
855 709 1041 767 patere,
1069 718 1212 766 quam
1230 702 1395 750 lexica
1414 696 1638 766 quidam
1666 709 1742 762 (ut
1760 702 2083 752 Freundii:
2116 707 2250 765 „die
2284 723 2382 755 un·

375 787 701 837 rechtlielie
742 786 1120 851 Bewerbung
1155 801 1245 834 um
1281 785 1782 849 Elurenstellen‘q
1818 793 2048 836 statuant.
2122 790 2382 855 Significat

383 875 512 922 enim
550 888 610 920 ea
646 871 872 918 omnino:
910 870 1213 930 „studium
1249 870 1488 918 animos
1524 865 1847 929 hominum,
1885 872 2166 936 plerumque
2201 874 2382 924 malis

377 957 580 1016 artibus,
619 955 979 1004 devinciendi“‘.
1051 955 1177 1004 Anu.
1211 953 1350 1015 2,55.
1388 956 1559 1004 eadem
1597 957 1675 1003 vis
1715 955 1846 1003 inest
1880 957 1931 1003 in
1966 974 2091 1005 voce
2136 957 2383 1008 ambitus

381 1044 438 1092 cf.
476 1041 667 1090 Klotz
704 1040 1161 1090 Handwfirterbueh
1199 1041 1286 1088 der
1320 1041 1404 1089 lat.
1443 1040 1665 1104 Spraehe
1701 1055 1742 1088 s·
1779 1059 1825 1089 v.
1863 1042 2140 1092 ambitus.

1319 1176 1354 1236 l,
1396 1175 1445 1225 3.

431 1283 460 1312 a
473 1272 492 1311 t
528 1261 614 1311 He
627 1264 782 1310 reule
821 1262 1161 1310 Germanicum
1197 1262 1362 1311 Druso
1400 1269 1558 1310 ortum
1594 1269 1708 1312 octo
1745 1264 1874 1327 apud
1911 1263 2139 1314 Rhenum
2174 1266 2331 1332 legio-

1169 1348 1311 1395 nibus
1346 1347 1593 1409 imposuit.

523 1433 794 1495 Postquam
812 1431 1020 1481 Tacitus
1038 1434 1269 1492 narravit,
1307 1433 1351 1480 A
1366 1449 1397 1480 u
1410 1449 1444 1496 g
1457 1450 1485 1481 u
1499 1440 1675 1492 stum,
1711 1433 1866 1481 Liviae
1884 1433 2069 1481 artibus
2089 1435 2385 1497 devinctum,

386 1535 416 1567 o
428 1534 476 1565 m
487 1533 514 1564 ιι
529 1518 547 1565 i
560 1533 590 1564 a
628 1532 658 1564 o
672 1531 734 1563 rn
748 1531 780 1563 a
792 1531 839 1562 m
852 1531 882 1564 e
896 1522 954 1563 nt
966 1533 996 1564 a
1024 1517 1087 1564 in
1116 1515 1164 1564 Τ
1176 1517 1194 1564 i
1208 1518 1237 1564 b
1252 1532 1279 1563 e
1296 1522 1360 1565 riu
1371 1532 1420 1563 ιιι
1431 1552 1446 1576 ,
1479 1516 1776 1581 privignum,
1809 1518 2131 1581 congessisse
2171 1526 2220 1566 et
2247 1534 2391 1583 quem

378 1604 581 1650 ‘unicum
629 1601 852 1649 habuerit
885 1601 1226 1664 propinquum,
1263 1599 1505 1663 sanguine
1543 1600 1639 1648 sibi
1675 1604 2005 1664 conjunctum,
2046 1602 2093 1651 A
2103 1607 2243 1667 grip
2255 1618 2287 1667 p
2302 1620 2390 1652 am

387 1689 428 1736 P
444 1704 474 1735 o
486 1703 511 1736 s
526 1695 545 1734 t
561 1703 591 1734 u
605 1702 651 1734 m
666 1703 694 1733 u
705 1701 769 1745 m,
787 1685 1061 1748 projecisse
1080 1685 1131 1732 in
1149 1685 1433 1732 Planasiam
1451 1684 1679 1743 insulam,
1701 1685 1976 1733 addendum
1998 1693 2152 1749 putat,
2178 1689 2287 1736 mir
2300 1706 2329 1736 ιι
2342 1706 2391 1737 ιιι

390 1774 449 1821 vi
465 1773 603 1820 deri
646 1786 860 1836 posse,
893 1770 1022 1834 quod
1044 1771 1173 1817 idem
1198 1769 1622 1817 Germanicum
1661 1769 1689 1816 Ιι
1705 1771 1965 1817 onoribu
1981 1786 2007 1816 s
2032 1770 2278 1831 extulerit,
2302 1774 2390 1821 sed

390 1859 571 1906 fecisse
592 1859 686 1906 hoc
715 1857 1014 1921 Augustum,
1042 1871 1139 1919 quo
1163 1856 1383 1918 pluribus
1401 1855 1712 1902 munimentis
1743 1856 2008 1904 insisteret.
2045 1857 2181 1905 Jllud
2207 1853 2390 1918 autem,

390 1942 520 2006 quod
553 1942 769 1989 honores
801 1941 1093 1989 Germanico
1121 1939 1273 1986 habiti
1301 1939 1752 1986 admirationem
1777 1940 2027 1987 hominum
2045 1941 2260 1989 fortasse
2275 1957 2390 1991 mo·

390 2046 418 2074 v
435 2045 461 2075 e
475 2045 505 2074 a
519 2043 551 2074 n
564 2034 601 2085 t,
630 2025 839 2073 Tacitus
874 2025 1059 2072 indicat
1099 2037 1225 2070 voce
1257 2022 1564 2082 „Hereule,“
1595 2038 1691 2086 qua
1713 2023 2054 2086 interjectione
2085 2024 2172 2073 Ha
2183 2042 2216 2073 n
2229 2026 2262 2073 d
2274 2027 2334 2075 iu
2348 2043 2393 2087 s,

391 2128 500 2158 cum
537 2112 743 2158 aliorum
755 2146 770 2168 ‚
807 2116 909 2155 tum
945 2108 1090 2170 hujus
1126 2107 1224 2155 loci
1262 2096 1551 2154 auctoritate
1578 2122 1699 2155 usus
1737 2107 1977 2166 (Tursell.
2030 2108 2182 2168 mm
2227 2124 2300 2173 sq.
2349 2119 2398 2159 et

396 2197 474 2255 lll,
511 2195 626 2254 57),
663 2201 797 2240 recte
835 2193 998 2250 docet,
1037 2192 1223 2258 „etiam
1258 2208 1289 2238 a
1299 2190 1330 2238 d
1343 2190 1454 2238 mir
1466 2211 1496 2239 a
1507 2192 1556 2239 ti
1577 2209 1606 2239 o
1619 2208 1651 2238 ιι
1663 2209 1690 2239 e
1701 2208 1749 2239 m
1796 2192 2066 2256 significari
2111 2195 2182 2241 rei
2227 2192 2291 2243 in
2305 2211 2330 2244 s
2341 2211 2395 2244 o-

393 2280 510 2338 litae,
539 2285 587 2326 et
619 2276 813 2341 quidem
837 2291 970 2338 saepe
996 2274 1127 2338 apud
1151 2275 1466 2335 Tacitum,
1503 2277 1774 2339 praesertim
1809 2275 1860 2323 in
1895 2276 2126 2325 formula:
2164 2284 2226 2325 at
2257 2277 2398 2326 Her-

395 2381 422 2412 c
436 2381 466 2412 ιι
481 2365 496 2412 l
511 2367 592 2412 e.“
631 2363 674 2410 B
687 2368 717 2409 ὁ
731 2368 750 2408 t
764 2369 784 2407 t
796 2361 813 2408 i
826 2360 884 2408 eh
898 2378 925 2407 e
938 2377 962 2407 r
973 2379 1004 2409 ιι
1016 2376 1041 2407 s
1079 2367 1302 2408 vertens:
1340 2360 1513 2420 „Aber
1547 2361 1643 2409 den
1669 2361 1988 2409 Germanicus
2024 2363 2213 2412 sreilich
2240 2372 2398 2412 setzte

396 2465 449 2496 er
483 2449 604 2495 fiber
640 2447 753 2494 acht
790 2447 1086 2510 Legionen“
1123 2447 1284 2492 minus
1321 2452 1435 2508 apte
1472 2445 1620 2492 verba
1662 2445 1886 2492 reddidit.
1952 2446 2163 2510 Propius
2200 2449 2265 2496 ad
2302 2450 2401 2498 vim

398 2517 626 2620 voeiibflli
670 2529 717 2580 H
731 2549 758 2579 e
772 2548 795 2578 r
807 2548 833 2578 c
846 2532 907 2579 ul
923 2547 950 2576 e
986 2530 1176 2577 accedit
1215 2530 1257 2576 G
1270 2547 1299 2576 u
1313 2535 1391 2576 tm
1404 2546 1434 2576 a
1448 2546 1480 2576 ιι
1493 2546 1525 2576 ιι
1539 2546 1570 2576 ιι
1584 2523 1627 2589 s.
1667 2531 1845 2593 quippe
1883 2531 1965 2594 qui
2001 2540 2186 2580 vertat:
2225 2533 2399 2593 „Aber

399 2619 463 2683 gl
478 2615 618 2666 eich
634 2636 680 2665 w
698 2615 800 2664 ohl
837 2622 994 2664 setzte
1032 2631 1084 2662 er
1120 2615 1209 2663 des
1246 2615 1438 2663 Drusus
1477 2614 1617 2664 Sohn
1655 2615 1977 2662 Germanicus
2013 2614 2134 2665 fiber
2158 2618 2273 2666 aoht
2307 2617 2404 2666 Le-

400 2703 640 2767 gionen.“
699 2703 890 2750 Sensus
929 2702 1057 2747 enim
1093 2700 1351 2746 verborum
1388 2709 1484 2759 „at
1522 2699 1566 2746 H
1581 2717 1608 2746 e
1621 2717 1645 2746 r
1658 2700 1833 2746 cule“
1867 2708 1970 2748 est:
2009 2702 2306 2761 ‚‚Dennoch,
2346 2719 2404 2750 so

402 2787 670 2836 auffallend
708 2802 763 2835 es
801 2786 1036 2834 scheinen
1072 2801 1205 2849 mag,
1244 2801 1302 2833 so
1340 2788 1507 2850 wenig
1542 2802 1656 2832 man
1694 2800 1749 2832 es
1783 2785 1915 2831 hiitte
1950 2786 2164 2849 glauben
2189 2787 2404 2835 sollen.“

1344 2908 1384 2967 1,
1423 2906 1473 2957 5.

671 2997 907 3044 electis
956 2996 1243 3043 consciis
1291 3000 1339 3042 et
1375 2994 1553 3042 comite
1589 3010 1688 3042 uno
1724 2994 1883 3042 Fabio
1920 2994 2150 3044 Maximo.

514 3072 972 3146 *Jnterpretessw
1024 3080 1315 3143 Rupertium
1370 3087 1418 3125 et
1464 3078 1804 3140 XVaRherum)
1859 3079 2083 3127 electis
2130 3081 2409 3128 consciis

408 3165 681 3229 significari
718 3172 889 3229 putant
925 3165 1274 3212 ministros,
1334 3162 1491 3219 Quam
1525 3163 1978 3224 interpretationem
2013 3162 2094 3224 qui
2136 3164 2328 3225 probat,
2367 3165 2416 3212 ei

406 3249 540 3297 haud
590 3250 698 3298 seio
758 3267 822 3297 an
874 3248 1142 3296 verisimile
1191 3246 1441 3306 videatur,
1517 3247 1612 3294 hos
1665 3245 1917 3294 ministros
1980 3247 2180 3294 eosdem
2237 3247 2412 3304 fuisse,

411 3333 492 3396 qui
529 3333 808 3398 Augustum
845 3335 893 3382 in
929 3332 1136 3382 insulam
1174 3331 1458 3379 Planasiam
1493 3332 1807 3379 veherent.
1877 3330 2151 3394 Augustum
2193 3331 2319 3377 euim
2366 3331 2415 3377 in
