2960 3806
1377 349 1620 416 <343>

488 487 851 537 transvehendo
889 487 982 536 hac
1018 487 1458 546 ministrorum,
1497 500 1658 550 neque
1687 488 2033 536 alienorum
2055 495 2335 550 nautarum,
2362 506 2517 557 opera

488 587 630 621 usum
666 587 800 631 esse,
837 588 867 619 a
902 587 1022 620 vero
1059 586 1156 620 non
1187 570 1455 619 abhorrere
1484 570 1699 630 videtur,
1737 586 1885 636 quum
1932 571 2024 620 iter
2064 572 2187 621 illud
2224 589 2371 639 quam
2417 591 2519 629 ma·

489 658 621 706 xime
674 648 986 705 occultare
1037 657 1271 706 studeret.
1319 656 1464 720 {Dio
1499 655 1675 716 5280·
1722 665 1958 722 Αὔγουστος
2002 665 2112 723 πρὸς
2166 667 2244 713 τὸν
2284 667 2518 728 Ἀγρίππαν

491 740 662 798 κρύφα
691 739 735 791 ἐς
763 739 842 800 τὴν
871 746 1006 800 νῆσον
1034 740 1315 791 διέπλευσεν).

628 828 710 878 Ex
744 827 914 891 ipsis
950 844 1070 876 vero
1108 826 1313 875 Taciti
1344 827 1515 876 verbis
1550 841 1696 891 quum
1732 840 2038 892 nequaquam
2075 836 2334 891 appareat,
2384 845 2505 881 con·

490 915 626 962 scios
662 913 779 960 illos
814 912 971 960 fuisse
1011 929 1038 960 e
1075 912 1420 971 ministris,
1459 913 1610 961 etiam
1647 929 1840 963 sumere
1876 911 2012 972 licet,
2051 927 2160 971 eos,
2201 920 2253 960 ut
2287 913 2513 974 Fabium,

489 1000 644 1046 fuisse
681 1014 746 1046 ex
782 997 1000 1044 amicis
1036 996 1269 1059 Augusti,
1309 1003 1374 1057 et,
1418 1013 1563 1060 quum
1602 997 1757 1046 domi
1809 1003 1979 1045 essent
2032 996 2278 1056 relicti,
2324 997 2513 1047 Fabio

488 1083 674 1145 opponi
711 1090 762 1130 et
798 1079 1002 1130 conscio
1041 1087 1088 1128 et
1120 1082 1385 1131 itineris
1424 1084 1651 1133 comiti.

1437 1218 1472 1277 l,
1517 1222 1564 1269 7.

1183 1301 1430 1353 tristiores
1467 1306 1807 1369 primordio.

628 1390 763 1451 Cave
800 1389 906 1438 lraec
943 1387 1093 1436 verba
1130 1388 1196 1436 ita
1234 1388 1513 1454 intelligas:
1572 1388 1855 1450 „tristiores
1894 1389 1962 1437 ob
2011 1388 2326 1453 primordium
2376 1388 2509 1453 (‚‚ob

482 1491 599 1524 nov
615 1492 701 1524 um
737 1473 1095 1538 principem“);
1142 1491 1202 1521 ea
1247 1475 1416 1536 potius
1460 1475 1528 1523 ita
1573 1473 1920 1538 intelligenda:
1964 1473 2252 1533 „tristiores
2299 1474 2362 1522 in
2409 1475 2507 1538 pri-

479 1560 673 1609 mordio
698 1558 783 1623 (in
809 1555 1054 1622 principio
1091 1558 1207 1606 novi
1243 1557 1461 1623 imperii)
1498 1559 1570 1607 ob
1608 1572 1934 1607 excessum
1966 1561 2133 1621 ejus,
2171 1559 2268 1622 qui
2302 1566 2417 1623 usq
2433 1575 2504 1607 ue

478 1646 555 1695 ad
590 1644 748 1693 illud
784 1651 1018 1706 tempus
1049 1643 1337 1708 princeps
1374 1643 1696 1708 suerat(ob
1742 1647 1945 1692 mortem
1992 1641 2285 1708 Augusti)“.
2334 1641 2506 1693 Homi—

478 1746 574 1778 nes
617 1728 741 1777 enini
786 1727 898 1787 isti,
938 1728 999 1774 in
1052 1727 1271 1776 serviti
1288 1746 1376 1776 um
1426 1736 1673 1776 ruentes
1718 1727 1790 1790 (v,
1829 1728 1930 1775 init.
1968 1727 2113 1790 hujus
2151 1726 2319 1791 Cap),
2356 1743 2503 1792 quun

475 1815 597 1864 novi
644 1814 880 1878 principis
916 1813 1121 1878 gratiam
1149 1812 1244 1861 sibi
1270 1811 1533 1861 conciliare
1569 1811 1968 1872 festinarent,
2009 1814 2261 1860 tristitiam
2304 1820 2507 1878 propter

476 1897 596 1948 novi
633 1899 870 1963 principis
906 1899 1158 1963 imperium
1195 1913 1311 1963 prae
1346 1913 1409 1947 se
1451 1900 1620 1948 serre
1654 1912 1748 1947 nec
1784 1912 1939 1947 ausos
1977 1912 2094 1946 esse
2131 1913 2221 1946 nec
2258 1898 2502 1958 voluisse,

473 1982 639 2033 cuivis
675 1989 826 2047 patet.
862 1983 1043 2046 Jtaque
1080 1999 1179 2031 non
1204 1982 1490 2030 vertendum
1509 1990 1786 2047 preaeeunte
1805 1979 2178 2031 Gutznanuo:
2211 1983 2388 2044 „nicht
2413 1999 2504 2048 gar

475 2086 543 2119 zu
578 2068 765 2131 tranrig
805 2067 951 2115 iiber
986 2066 1078 2115 den
1113 2065 1663 2132 Begicmngsantritt.“

1424 2206 1462 2265 1,
1495 2208 1548 2255 8.

471 2293 621 2343 tertio
651 2290 814 2358 *gradu
848 2288 1095 2356 primores
1133 2291 1347 2341 civitatis
1384 2291 1673 2358 scripserat,
1707 2293 1974 2359 plerosque
2008 2291 2200 2342 invisos
2235 2289 2364 2353 sibi,
2405 2291 2500 2340 sed

929 2375 1225 2438 jactantia
1255 2377 1582 2442 ,gloriaque
1619 2378 1689 2426 ad
1724 2384 2029 2442 posteros.

607 2463 871 2527 Augustus
909 2461 1063 2510 voluit
1095 2467 1331 2525 posteros
1368 2461 1588 2521 credere,
1621 2468 1809 2511 tantam
1856 2463 1906 2511 in
1951 2478 2008 2511 se
2053 2462 2203 2512 animi
2249 2463 2495 2528 magnitu—

466 2550 633 2596 dinem
670 2555 719 2594 et
755 2547 1084 2595 condantiam
1120 2546 1295 2604 fuisse,
1329 2555 1383 2594 ut
1420 2545 1650 2596 invidiam
1685 2555 1839 2611 atque
1872 2548 2039 2597 odium
2093 2545 2356 2611 primorum
2393 2563 2496 2596 non

461 2632 698 2694 timuerit,
734 2638 1010 2696 tantamque
1044 2632 1428 2695 placabilitatem
1465 2639 1515 2680 et
1545 2633 1876 2691 clementiam,
1913 2638 1966 2680 ut
1996 2632 2222 2696 quamvis
2255 2632 2488 2697 indignos

473 2717 730 2770 benefieiis
767 2717 968 2766 afficere
1002 2732 1102 2765 uou
1140 2715 1449 2763 dubitaverit.

1418 2866 1538 2914 ibid.

892 2961 949 3002 ut
985 2958 1156 3017 porta
1191 2949 1555 3013 triumphali
1601 2952 1859 3001 duceretur
1895 2955 2054 3002 fimus,

603 3057 736 3105 Haee-
766 3056 922 3103 vei-ha
963 3054 1093 3101 idem
1137 3068 1316 3100 sonare
1356 3050 1494 3113 quod
1543 3056 1631 3109 „ut
1675 3066 1789 3116 per
1845 3062 2093 3115 portam
2143 3053 2487 3117 triumplia-

462 3146 583 3192 iem
615 3143 876 3190 duceretur
908 3141 1114 3197 funus“,
1152 3152 1240 3201 per
1274 3152 1333 3184 se
1370 3136 1537 3199 liquet.
1609 3137 1762 3186 Addit
1808 3145 1969 3187 autem
2017 3137 2131 3187 huic
2184 3140 2482 3202 interpreta-

462 3229 589 3276 tioni
614 3227 1026 3292 Bau-mannum
1064 3228 1419 3281 „commutatur
1453 3229 1597 3283 porta
1634 3238 1743 3269 cum
1781 3221 1933 3282 via“‚
1970 3224 2022 3271 in
2053 3239 2156 3287 quo
2194 3223 2481 3272 videtui-er-

460 3329 608 3362 rasse
642 3312 724 3358 vel
761 3311 926 3374 potius
961 3308 1061 3354 vim
1098 3307 1243 3368 hujus
1279 3303 1501 3353 Ablativi
1531 3322 1634 3354 non
1670 3309 1797 3356 satis
1834 3316 2099 3358 assecutus
2142 3323 2279 3358 osse.
2354 3306 2485 3357 Voci

458 3398 590 3447 enim
634 3397 814 3456 „via“
871 3391 1188 3442 Grammatici
1231 3391 1535 3454 cogitatione
1584 3391 1769 3442 addere
1819 3393 1989 3442 solent
2043 3393 2476 3459 praepositionem:
