2960 3806
1297 305 1576 377 <8²⁸8>

570 445 717 505 Quod
741 441 1149 504 Banmannus,
1188 443 1444 509 quiffverba
1482 445 1672 504 „rivis
1707 447 1984 496 incerta“
2009 450 2185 500 vei-titt
2221 454 2444 513 „durch

430 528 1115 589 versteckte..Quellen
1168 529 1525 590 unsicher“,
1565 530 1804 591 „rivis“
1843 532 1888 580 b.
1926 531 1960 581 l.
1996 532 2266 599 significari
2320 537 2440 589 dicit

431 616 685 676 „fontes
722 622 953 680 stagna
993 613 1106 663 sub
1143 613 1353 663 solido
1387 616 1769 675 facientes“,
1807 619 2212 670 consuetudinem
2256 637 2441 674 sermo-

430 699 509 749 nis
546 702 772 767 negligit.

1350 825 1388 874 1.
1435 826 1520 876 65.

500 909 773 976 ducemque
810 912 982 961 terruit
1019 910 1125 960 dira
1173 912 1340 976 quies:
1403 928 1517 961 nam
1562 912 1849 972 Quintilium
1897 913 2082 961 Varum
2129 917 2375 980 sanguine

502 995 705 1044 oblitum
750 1004 801 1046 et
845 995 1106 1061 paludibus
1143 1011 1388 1045 emersum
1425 1009 1626 1046 cernere
1664 1003 1713 1047 et
1748 997 1916 1046 audire
1950 999 2091 1048 visus
2128 1005 2207 1048 est
2242 1000 2378 1052 velut

574 1091 856 1141 vocantem,
891 1099 992 1131 non
1028 1089 1193 1131 tamen
1228 1083 1586 1131 obsecutus-et
1621 1098 1814 1131 manum
1849 1083 2145 1132 intendentis
2184 1101 2302 1151 rep-

1299 1167 1504 1231 pulisse.

569 1272 791 1337 Apparet
824 1269 875 1319 in
910 1271 1007 1320 hoc
1043 1271 1248 1330 somnio,
1286 1285 1383 1334 quo
1420 1271 1583 1320 animo
1616 1273 1824 1321 affectus
1859 1268 2009 1320 fuerit
2046 1271 2247 1322 Gracina
2283 1290 2313 1321 v
2327 1275 2345 1323 i
2356 1290 2393 1340 g
2404 1273 2444 1324 i-

430 1358 481 1406 la
493 1374 526 1405 n
538 1373 582 1406 s.
618 1353 917 1426 Significant
947 1357 1091 1414 enim,
1121 1370 1230 1419 quae
1254 1369 1345 1418 per
1374 1357 1619 1406 somnium
1657 1358 1706 1406 ei
1742 1357 2081 1416 obversantur,
2118 1355 2270 1405 animi
2305 1358 2444 1407 babi-

430 1450 533 1490 tum
567 1442 695 1490 inter
729 1449 947 1490 metum
1000 1458 1069 1488 ac
1116 1458 1186 1504 sp
1201 1457 1282 1487 em
1332 1457 1482 1505 susp
1498 1457 1723 1490 ensum.
1794 1442 1986 1490 Verba:
2041 1440 2446 1502 „Quintilium

429 1525 651 1591 Var1um
707 1524 985 1592 sanguin
1001 1544 1028 1574 e
1065 1525 1261 1573 oblitu
1277 1541 1324 1572 m
1362 1533 1422 1574 et
1458 1525 1800 1589 paludibus
1843 1542 2145 1575 emersum
2182 1541 2446 1574 cernere

432 1618 493 1661 et
529 1612 746 1660 audire
782 1613 962 1660 visus
1000 1619 1098 1658 est
1134 1612 1297 1658 velut
1342 1627 1415 1658 vo
1431 1616 1711 1660 cantem“
1761 1612 1969 1671 docent,
2008 1602 2284 1670 Caecinam,
2322 1627 2444 1676 prae-

433 1712 554 1746 sens
590 1695 862 1761 periculum
897 1702 1221 1760 reputantem,
1259 1711 1321 1745 ne
1357 1695 1472 1757 sibi,
1510 1711 1619 1761 quae
1654 1697 1792 1745 Varo
1806 1732 1821 1757 ,
1859 1697 2155 1754 acciderent,
2202 1696 2444 1744 timuisse.

431 1784 598 1832 Varus
638 1792 842 1847 δαίμονος
881 1782 1037 1829 instar
1073 1797 1138 1829 ex
1179 1782 1352 1829 inseris
1389 1780 1531 1846 quasi
1573 1766 1783 1847 emergit
1793 1818 1809 1842 ,
1858 1788 1910 1831 ut
1947 1781 2191 1831 Caecinam
2238 1779 2290 1827 in
2344 1796 2452 1851 suaex

432 1865 728 1917 calamitatis
766 1864 1059 1919 societatem
1096 1865 1318 1914 deducat.
1392 1864 1559 1915 Verba
1595 1873 1779 1915 autem:
1817 1882 1888 1928 „n
1901 1883 1931 1916 o
1944 1881 1974 1914 n
2017 1872 2038 1913 t
2050 1881 2082 1914 a
2094 1882 2136 1913 ιιι
2151 1883 2179 1913 e
2190 1882 2221 1913 n
2271 1881 2301 1913 o
2315 1866 2343 1912 b
2356 1881 2382 1913 s
2397 1881 2446 1912 e-

431 1959 605 2002 cutus
642 1959 700 2001 et
734 1967 956 2001 manum
1003 1952 1174 2000 inten
1188 1950 1219 1999 d
1234 1951 1406 2001 entis
1453 1952 1734 2018 reppulis
1748 1954 1854 2001 se“
1900 1951 2143 2011 indicant,
2180 1950 2446 2010 Caecinam,

433 2037 756 2085 secundarum
790 2037 1217 2101 ambiguarumque
1253 2051 1414 2087 rerum
1448 2035 1690 2088 scientem
1727 2050 1885 2102 eoque
1921 2035 2190 2085 interritum
2215 2035 2296 2092 (C.
2319 2034 2447 2098 ⁶4),

432 2139 459 2170 c
472 2139 502 2171 o
517 2138 551 2170 n
564 2127 620 2170 st
632 2137 704 2170 an
716 2119 766 2170 ti
780 2138 810 2168 a
859 2137 884 2169 s
897 2138 929 2168 u
942 2138 972 2168 a
1024 2129 1200 2172 metum
1249 2118 1503 2185 depulisse
1549 2125 1599 2168 et
1653 2121 1706 2169 in
1763 2135 1898 2185 spem
1949 2117 2180 2186 prosperi
2237 2126 2446 2169 eventus

436 2214 654 2256 erectum
691 2221 822 2255 esse.

1381 2331 1500 2385 ibid.

503 2413 759 2485 missas-in
794 2418 948 2467 latera
985 2418 1231 2484 legioneS,
1266 2424 1397 2468 metu
1418 2433 1496 2467 zan
1532 2416 1867 2478 contumacia,
1902 2418 2063 2467 locum
2103 2416 2380 2466 deseruere

863 2511 1045 2569 capto
1081 2518 1289 2569 propere
1326 2519 1549 2568 campo
1584 2503 1835 2553 bumentia
1868 2504 2009 2553 ultra.

573 2605 734 2665 Quum
751 2606 933 2656 milites
958 2606 1056 2656 nisi
1090 2606 1121 2655 d
1135 2624 1163 2656 e
1177 2623 1238 2657 se
1249 2614 1348 2657 rto
1383 2607 1446 2658 lo
1459 2624 1525 2657 co
1562 2622 1804 2672 campum.
1825 2605 2070 2658 humentia
2106 2605 2233 2655 ultra
2267 2618 2448 2669 capere

435 2707 535 2739 non
569 2698 795 2758 possent,
833 2693 1080 2741 offendere
1115 2695 1284 2757 possis
1330 2693 1383 2742 in
1422 2693 1605 2745 Partic.
1659 2693 1701 2742 P
1713 2710 1742 2740 e
1752 2692 1832 2740 τίὲ-
1862 2709 1928 2752 „c
1942 2709 1972 2743 a
1984 2710 2016 2756 p
2026 2698 2047 2741 t
2058 2709 2091 2741 o
2139 2692 2353 2755 campo“
2402 2694 2451 2736 et

437 2783 753 2841 exspectare:
808 2778 990 2837 „loco
1044 2779 1303 2827 deserto
1356 2786 1658 2844 ceperunt
1706 2794 1973 2844 propere
2027 2791 2304 2843 campum
2350 2775 2449 2822 bu-

433 2878 482 2911 m
499 2880 526 2911 e
539 2879 570 2909 n
583 2863 630 2910 ti
643 2879 674 2909 a
712 2863 799 2911 ult
810 2866 926 2911 ra.“
971 2862 1075 2911 Sed
1110 2864 1340 2926 Tacitus,
1377 2880 1521 2930 quum
1557 2865 1786 2930 legiones
1821 2863 1920 2912 nisi
1954 2870 2103 2929 capto
2139 2863 2235 2911 boc
2272 2873 2450 2921 campo

433 2948 596 2998 locum
660 2937 807 2998 antea
859 2957 1152 3015 occupatum
1205 2965 1305 3000 non
1328 2946 1332 2952 ’
1361 2966 1395 3015 p
1405 2965 1471 2998 ro
1484 2965 1543 2999 rs
1552 2967 1584 3000 u
1596 2965 1624 2999 s
1679 2942 2040 3010 deseruissent,
2092 2945 2450 2998 consecutione

431 3035 687 3082 verborum
721 3035 917 3082 inversa
954 3034 1096 3082 dicit:
1133 3036 1336 3095 „locum
1371 3035 1634 3083 deseruere
1672 3038 1817 3101 capto
1852 3050 2059 3103 propere
2096 3020 2326 3099 camposs‘

1384 3159 1503 3212 ibid.
1577 3192 1582 3201 ·

1094 3245 1327 3296 incertus.
1354 3246 1608 3313 signorum
1645 3247 1783 3298 ordo.

573 3348 761 3399 Suum
796 3350 974 3417 cuique
1010 3351 1255 3417 manipulo
1311 3351 1502 3418 signum
1557 3359 1692 3413 erat,
1730 3353 1861 3418 quod
1910 3353 2218 3416 sequeretur·
2290 3344 2453 3423 0⁰⁰¹?
