2960 3806
1255 329 1534 399 <3th

419 480 582 542 punt:
619 465 687 534 „a
698 485 773 536 ge
784 464 848 518 r'e
861 472 978 529 nt,“
1014 468 1066 517 in
1094 479 1163 516 ca
1198 483 1253 516 rc
1288 468 1395 516 viro
1430 467 1729 519 doctissimo
1758 469 1988 518 assentiri
2022 482 2124 517 non
2147 479 2429 532 possumus.

419 564 571 617 Nam:
609 554 743 621 „nil
786 572 818 621 p
833 571 946 605 auc
961 568 1127 604 orum
1175 554 1518 604 instinctu“
1552 567 1694 620 aequc
1728 571 1814 605 ac:
1851 568 2088 621 „neque
2124 555 2250 620 disj
2265 551 2431 605 ecti“

419 645 567 714 jungi
586 647 755 710 potest
779 656 886 690 cum
913 639 1078 689 verbis
1092 655 1107 689 ε
1144 657 1213 700 „a
1224 640 1291 690 rd
1304 657 1331 688 e
1342 652 1444 689 sce
1454 653 1478 687 r
1489 653 1519 689 e
1530 655 1564 687 n
1574 643 1631 688 t“
1649 653 1735 689 ac:
1761 657 1827 702 „s
1839 640 1858 689 i
1870 643 1887 691 l
1899 660 1927 692 e
1939 658 1964 690 r
1977 659 2004 691 e
2019 658 2052 691 n
2063 645 2139 702 t“‚
2162 648 2232 690 et:
2267 639 2427 702 „nil“

423 729 741 795 vertendum:
779 725 1021 788 „nicht“
1058 723 1195 774 sive:
1223 724 1412 786 „kein
1425 741 1487 774 es
1500 739 1591 774 we
1604 729 1737 791 gs“,
1773 742 1916 792 quam
1951 744 2022 775 au
2035 726 2222 792 gendi
2250 728 2347 777 vim
2375 727 2428 775 in

422 817 602 868 vocula
637 820 773 863 certe
811 828 882 872 „n
894 812 911 860 i
924 812 953 860 h
965 812 984 860 i
994 811 1049 861 1⁴⁴
1085 826 1220 878 saepe
1254 811 1427 861 inesse
1470 808 1598 860 satis
1646 817 1842 861 constat
1878 817 1900 869 (
1903 810 2058 873 „weil
2107 810 2183 862 sie
2227 811 2427 862 keines-

421 917 567 970 wegs
612 897 885 957 vereinzelt
936 897 1035 945 und
1081 881 1172 945 auf
1210 897 1301 944 das
1335 894 1589 973 Anstiften
1632 897 1881 961 Weniger
1893 933 1909 956 ,
1955 898 2167 946 sondern
2212 896 2429 961 gemein-

421 984 684 1040 schaftlich
733 980 1074 1042 aufbrausten,
1110 980 1570 1047 gemeinschastli-ch
1619 982 1991 1048 schwiegen“).
2032 981 2092 1043 cf.
2138 981 2181 1030 B
2194 984 2249 1032 is
2261 998 2292 1032 c
2305 983 2336 1032 h
2345 1000 2376 1032 o
2386 985 2429 1031 f,

423 1075 571 1124 sium
606 1069 686 1120 ad.
716 1068 770 1118 h.
806 1067 839 1117 l.

1343 1192 1383 1252 1,
1417 1189 1503 1242 33.

491 1297 521 1346 J
538 1303 752 1346 nterea
804 1290 1098 1343 Germanico
1146 1294 1235 1357 p‘er
1279 1291 1471 1342 Gallias
1506 1319 1577 1328 —
1624 1307 1807 1343 census
1861 1292 2130 1358 accipienti
2181 1308 2355 1343 exces-

1066 1377 1203 1427 sisse
1244 1378 1520 1442 Augustum
1553 1379 1783 1429 adfertur.

564 1498 669 1548 Sub
705 1514 830 1546 voce
865 1496 1101 1558 „inte-rc
1111 1501 1181 1546 a“
1217 1494 1462 1546 sententia
1498 1497 1721 1560 subjecta
1745 1503 1823 1544 est
1838 1497 1987 1546 haec:
2023 1513 2170 1557 „eum
2192 1499 2429 1549 seditio

425 1584 554 1652 apud
590 1584 919 1631 Germanicas
949 1583 1175 1646 legiones
1213 1585 1341 1643 jaun
1392 1589 1527 1631 orta
1574 1596 1714 1629 esse
1724 1586 1801 1630 t.“
1873 1582 2000 1640 Quae
2052 1582 2234 1631 seditio
2282 1598 2430 1647 quum

426 1671 616 1718 demum
652 1666 864 1715 audito
900 1667 1030 1714 fine
1066 1663 1333 1730 Augusti
1371 1664 1453 1725 (Ο.
1488 1663 1583 1725 31)
1620 1663 1845 1726 oriretur,
1883 1666 2120 1731 colligere
2156 1667 2270 1715 inde
2294 1667 2428 1728 licet,

426 1753 609 1802 milites
658 1752 719 1800 de
772 1759 929 1799 morte
952 1751 1193 1814 ‘Augusti
1238 1751 1375 1813 prius
1429 1766 1572 1815 quam
1623 1749 1964 1800 Germanicum
2018 1753 2254 1800 certiores
2316 1770 2430 1802 esse

428 1842 602 1888 factos-

1375 1958 1491 2011 ibid.

497 2065 678 2117 anxius
732 2061 940 2113 occultis
989 2062 1039 2111 in
1088 2075 1146 2111 se
1191 2060 1351 2126 patrui
1393 2061 1613 2126 aviaeque
1659 2061 1806 2117 odiis,
1853 2078 2108 2127 quorum
2152 2076 2222 2112 ca
2235 2078 2360 2114 usae

1036 2148 1342 2206 acriores,
1386 2142 1530 2211 quia
1580 2147 1819 2210 iniquae.

569 2261 750 2321 Causae
787 2257 889 2309 odii
924 2265 1064 2307 erant
1099 2257 1346 2318 invidia,
1386 2258 1662 2306 Germanici
1697 2256 1899 2322 ingenio
1939 2257 2073 2306 civili
2111 2267 2159 2306 et
2194 2263 2312 2310 mira
2348 2278 2432 2314 co·

431 2349 598 2397 unitate
635 2345 863 2404 conflata,
890 2351 1183 2406 etymetus,
1220 2358 1293 2391 ne
1332 2340 1729 2391 Germanicus
1753 2344 1923 2407 populi
1958 2345 2126 2392 favore
2157 2346 2309 2394 fretus
2342 2362 2431 2394 re-

430 2449 556 2481 rum
592 2431 795 2498 potiri
831 2436 1186 2488 conaretur,
1222 2445 1253 2476 a
1290 2443 1387 2491 quo
1423 2428 1634 2484 consilio
1671 2444 1761 2492 pro
1797 2426 1948 2477 insita
1983 2428 2262 2495 integritate
2281 2432 2432 2497 longe

434 2518 630 2577 aberat,
668 2514 848 2581 quippe
901 2514 984 2578 qui
1025 2519 1246 2577 „quanto
1298 2527 1500 2563 summae
1545 2512 1656 2577 spei
1708 2514 1930 2578 propior,
1978 2520 2115 2563 tanto
2160 2516 2432 2581 impensius

435 2618 525 2666 pro
562 2601 768 2651 Tiberio
804 2601 1069 2650 niteretur“
1101 2598 1182 2655 (C.
1203 2596 1310 2661 34).
1345 2595 1481 2649 Jnde
1516 2602 1736 2664 apparet,
1774 2605 2025 2663 utramque
2062 2598 2165 2648 odii
2202 2618 2433 2651 causaum

434 2688 698 2753 iniquam
740 2687 916 2735 fuisse.
982 2684 1088 2734 Sed
1123 2682 1422 2734 Tiberius
1466 2692 1515 2734 et
1549 2682 1724 2743 Livia,
1762 2699 1966 2747 quorum
2011 2686 2159 2735 animi
2205 2692 2432 2752 pusilli

434 2771 765 2837 integritatem
817 2772 911 2819 viri
963 2770 1114 2818 erecti
1166 2770 1487 2835 honestique,
1541 2769 1624 2834 qui
1680 2768 1888 2816 aliorum
1931 2772 2046 2832 jura
2107 2772 2295 2821 violare
2347 2793 2431 2824 ne-

433 2859 510 2906 sas
544 2857 773 2919 haberet,
820 2873 996 2922 capere
1033 2871 1130 2906 non
1182 2864 1401 2922 possent,
1437 2856 1641 2904 alteram
1678 2868 1898 2914 causam,
1934 2862 2182 2917 metum,
2219 2857 2431 2924 iniquam

434 2945 563 2993 haud
616 2944 764 2994 dubie
817 2959 915 2999 nou
966 2943 1240 3001 habebant„
1317 2942 1464 3001 Quod
1515 2940 1667 3006 igitur
1717 2939 1971 2990 Tacitus
2024 2942 2172 3002 dicit,
2237 2962 2433 3008 causas,

438 3035 606 3093 utpote
649 3030 930 3093 iniquas,
966 3029 1254 3078 acriores
1289 3028 1469 3087 fuisse,
1505 3028 1599 3075 hoc
1634 3029 1733 3075 nisi
1779 3024 1846 3074 ad
1897 3027 2162 3091 priorem
2216 3046 2434 3094 causam,

436 3112 764 3176 invidiam,
812 3113 1003 3163 videtur
1058 3129 1158 3163 non
1213 3126 1367 3180 posse
1420 3112 1606 3163 referri.
1677 3113 1832 3171 Quam
1886 3112 1987 3161 odii
2037 3128 2237 3163 causam
2291 3131 2440 3182 quum

439 3199 671 3248 Tiberius
708 3216 902 3266 quoque
950 3206 998 3249 et
1032 3199 1176 3248 Livia
1228 3198 1493 3265 iniquam
1539 3198 1794 3257 haberent,
1833 3197 1880 3244 h.
1928 3217 1970 3247 e.
2031 3216 2176 3264 quum
2234 3204 2439 3264 scirent,

439 3297 557 3333 esse
594 3278 886 3346 virtutes,
923 3300 1113 3334 summa
1158 3282 1305 3334 laude
1352 3283 1556 3348 dignam,
1593 3280 1770 3347 quibus
1816 3282 1986 3346 populi
2027 3286 2189 3348 gratia
2241 3287 2445 3338 floreret

441 3368 781 3432 Germanicus,
818 3372 911 3420 hac
965 3374 1076 3438 ipsa
1121 3371 1182 3419 de
1229 3385 1382 3420 eausa
1429 3376 1565 3417 tanto
1608 3369 1767 3433 magis
1810 3383 1919 3418 eum
1965 3369 2185 3419 oderant.
2259 3372 2358 3431 Qui
2405 3377 2449 3422 si
