2960 3806
1336 299 1581 368 ᾃῖθ

449 439 608 502 57,2.,
645 440 841 489 omnino
869 454 969 488 non
1007 445 1327 499 connectere,
1343 454 1503 504 neque
1530 441 1576 489 si
1611 447 1964 504 argumentum,
2004 455 2164 505 neque
2201 442 2244 489 si
2282 443 2460 490 seriem

449 529 762 590 ordinemque
797 538 957 574 rerum
1001 532 1303 573 narratarum
1338 532 1556 588 spectes.

1377 650 1417 709 l,
1458 650 1538 700 12.

449 736 690 788 addidit
743 735 984 783 laudem
1043 736 1116 784 de
1173 713 1483 799 Augusto,
1541 734 1891 799 Tiberiumque
1937 735 2095 799 ipsum
2143 734 2457 786 victoriarum

485 838 700 881 suarum,
739 835 943 885 quaeque
978 820 1030 867 in
1064 825 1184 885 toga
1218 834 1309 885 per
1342 826 1416 868 tot
1451 836 1612 868 annos
1649 821 1852 886 egregie
1887 821 2116 881 fecisset,
2154 823 2423 872 admonuit.

586 920 770 970 Docuit
804 917 1099 968 hauddubie
1124 918 1375 978 Gallus,
1414 919 1887 968 saluberrimum
1924 923 2114 970 nnius
2150 924 2467 987 imperium

449 1007 678 1072 Augusto
728 1010 967 1069 regnante
1014 1006 1170 1053 fuisse
1214 1006 1286 1052 rei
1330 1006 1567 1069 publicoe,
1612 1011 1665 1051 ut
1714 1022 1775 1053 ca
1819 1005 1964 1053 laude
2010 1008 2074 1053 ad
2122 1009 2464 1071 accipiendum

451 1092 580 1140 idem
616 1090 869 1153 imperium
915 1090 1250 1153 impelleretur
1285 1088 1548 1149 Tiberius,
1586 1105 1729 1154 quem
1771 1090 1884 1138 huic
1919 1091 2108 1139 muneri
2148 1108 2317 1154 parem
2353 1110 2471 1142 esse

451 1176 533 1236 iis,
573 1191 682 1240 quae
722 1182 769 1222 et
808 1173 938 1223 domi
976 1182 1023 1222 et
1047 1175 1232 1224 militiae
1257 1192 1344 1239 per
1378 1182 1453 1225 tot
1485 1190 1644 1224 annos
1670 1176 1871 1241 egregie
1896 1175 2083 1236 fecerit,
2113 1176 2216 1225 vult
2239 1178 2466 1241 probare.

1370 1302 1391 1349 l
1461 1298 1544 1348 18.

632 1400 891 1449 quousque
927 1386 1149 1449 patieriS,
1188 1385 1376 1446 Caesar,
1394 1338 1515 1436 'non
1550 1386 1735 1436 adesse
1771 1391 1919 1450 caput
1952 1388 2024 1436 rei
2058 1387 2299 1451 publicae?

591 1485 843 1545 Tiberius,
881 1501 978 1548 quo
1016 1493 1120 1534 erat
1170 1485 1424 1548 suspicaci
1460 1485 1646 1546 animo,
1683 1486 1762 1533 bis
1807 1487 1972 1533 verbis
2016 1488 2219 1550 putabat
2265 1489 2327 1535 ab
2366 1487 2467 1535 Ha·

451 1572 577 1622 terio
615 1579 699 1620 aut
734 1568 985 1619 admoneri
1021 1586 1097 1630 se,
1136 1578 1189 1618 ut
1221 1571 1492 1634 imperium,
1530 1571 1839 1620 simulatione
1878 1575 2045 1630 exuta,
2082 1572 2338 1635 suscipere
2366 1575 2465 1634 jam

452 1673 552 1705 non
588 1664 893 1721 gravaretur,
931 1663 1015 1704 aut
1050 1656 1247 1718 rogari,j
1272 1662 1343 1714 ut,
1381 1654 1425 1703 si
1462 1673 1668 1719 regnum
1686 1654 1943 1717 repudiare
1974 1655 2114 1703 firmo
2135 1656 2346 1705 consilio
2367 1664 2466 1704 sta-

450 1744 645 1801 tuisset,
684 1742 779 1787 hoc
814 1743 977 1805 ipsum
1012 1745 1185 1804 aperte,
1217 1740 1403 1787 diceret
1437 1741 1683 1803 aliumque
1720 1739 1992 1787 nominaret
2029 1740 2234 1802 imperio
2282 1758 2465 1804 parem.

451 1826 588 1874 -lllud
625 1825 832 1873 offendit
858 1824 1141 1883 Tiberium,
1179 1825 1293 1888 quia
1340 1825 1703 1872 simulationem
1740 1827 1848 1887 ejus
1883 1840 1942 1871 se
1978 1825 2260 1888 perspicere
2297 1826 2464 1874 verbis

451 1912 551 1960 illis
588 1912 789 1960 doceret
826 1911 1074 1971 Haterius,
1108 1911 1218 1970 hoc,
1256 1913 1369 1975 quia
1406 1910 1554 1959 etiam
1589 1912 1651 1958 ab
1689 1910 1807 1969 alio,
1845 1927 2004 1974 neque
2036 1928 2067 1957 a
2098 1910 2210 1958 solo
2231 1910 2457 1970 Tiberio,

457 2013 558 2045 rem
594 1998 843 2063 publicam
880 2011 1032 2060 posse
1071 1997 1400 2044 administrari
1435 1995 1754 2062 significaret.

594 2080 1030 2135 Bischofsius¹)
1089 2086 1255 2146 putat,
1303 2082 1493 2142 „verba
1550 2081 1740 2130 Haterii
1802 2069 2266 2131 stomachantis
2315 2079 2474 2131 fuisse

455 2184 620 2232 quem
669 2169 971 2215 diuturnae
1007 2167 1430 2216 simulationis
1468 2168 1819 2215 taederet“.
1876 2166 1980 2214 Sed
2018 2183 2126 2214 cum
2162 2155 2256 2224 iis,
2282 2182 2389 2230 quae
2428 2183 2472 2216 c.

456 2254 503 2301 7.
547 2252 629 2301 11.
663 2252 745 2301 12.
781 2253 842 2299 de
879 2252 1105 2299 servili
1141 2252 1405 2299 omnium
1441 2252 1642 2299 Patrum
1678 2252 2064 2310 adulatione,
2104 2259 2204 2299 tum
2241 2253 2322 2312 iis,
2361 2269 2470 2317 quae

456 2341 505 2386 in
542 2348 764 2387 extremo
804 2339 897 2385 hoc
934 2355 1040 2400 cap.
1080 2338 1141 2383 de
1177 2338 1322 2399 ipso
1347 2336 1610 2384 Haterio
1639 2336 1881 2395 dicuntur,
1919 2336 2157 2398 impediti,
2197 2339 2473 2399 quominus

459 2424 812 2481 existimemus,
833 2421 1085 2469 Haterium
1110 2422 1496 2486 indignationem
1522 2428 1722 2485 propter
1742 2419 1932 2468 'riberii
1963 2420 2325 2469 simulationem
2351 2439 2474 2485 prae

459 2526 526 2555 se
563 2510 821 2567 tulisse,
859 2524 952 2555 nos
990 2507 1184 2570 quidem
1233 2507 1506 2566 credimus,
1554 2507 1705 2554 verba
1740 2505 1931 2555 Haterii
1981 2522 2095 2555 esse
2143 2506 2471 2557 vehemen-

460 2601 555 2639 ter
605 2594 879 2651 orantis,
927 2610 957 2639 a
994 2592 1218 2649 Tiberio,
1255 2591 1452 2639 homine
1489 2591 1896 2654 arrogantissimo
1936 2599 1984 2637 et
2022 2592 2467 2654 suspiciosissimo,

460 2680 518 2725 in
556 2680 797 2727 crimen
844 2678 1119 2725 ‹letorsa.
1182 2675 1275 2739 (ef.
1314 2674 1369 2723 C.
1408 2674 1457 2723 7.
1496 2675 1661 2737 extr.).

1414 2791 1531 2842 ibid.

1202 2880 1431 2928 relationi
1467 2878 1738 2927 consulum.

602 3009 660 3031 =
697 2981 985 3034 consulibus
1034 2981 1096 3031 de
1149 2980 1351 3044 imperio
1398 2978 1462 3028 ad
1511 2977 1764 3028 Tiberium
1821 2979 2087 3030 deferendo
2137 2984 2470 3034 referentibus,

464 3070 623 3133 Hujus
659 3069 854 3133 quidem
899 3067 1155 3116 relationis
1213 3064 1423 3113 Tacitus
1475 3079 1716 3129 nusquam
1771 3073 1939 3130 aperte
1993 3069 2287 3116 mentionem
2337 3069 2471 3129 facit,

466 3156 556 3205 sed
592 3171 657 3203 ex
694 3172 754 3203 ea
789 3153 920 3203 haud
957 3153 1101 3202 dubie
1138 3157 1267 3200 natae
1303 3157 1418 3200 sunt
1452 3163 1629 3215 preces
1666 3149 1886 3210 Patrum,
1913 3168 2019 3215 quae
2048 3151 2102 3201 C.
2146 3150 2225 3201 ll.
2264 3169 2473 3203 comme·

464 3247 728 3290 morantur.

560 3353 592 3398 ¹)
617 3357 825 3391 Observatt.
851 3359 885 3391 in
911 3355 1027 3390 Taciti
1049 3334 1243 3390 Annalium
1266 3352 1395 3389 librum
1419 3353 1581 3396 primum.
1604 3351 1750 3389 Wenel.
1777 3352 1882 3388 184³.
1907 3361 1942 3396 ιι.
1965 3352 2001 3386 ⁶.
