2960 3806
1260 287 1537 356 <ἑὲῐθὲ>

424 424 823 475 Gutma'nnum
861 431 910 473 et
947 426 1395 483 Botticberum,
1434 426 1564 490 quod
1602 434 1819 474 vertant:
1858 428 1971 485 „als
2009 426 2440 490 derFeldherr',

426 511 511 558 der
532 511 711 559 Soldat
748 511 844 558 und
879 512 967 559 der
985 511 1175 558 Vorsall
1211 509 1470 559 kenntlicb
1508 512 1766 569 wurden,“
1800 513 2009 559 addens:
2048 509 2277 570 „Diesen
2295 515 2440 562 Feld-

429 595 573 644 berrn
610 597 765 645 naiber
813 615 872 644 zu
923 597 1235 656 bestimmen,
1283 597 1481 644 mfiebte
1532 597 1641 644 eine
1687 597 1986 661 sehwierige
2033 596 2264 662 Aufgabe
2317 597 2442 647 sein.

425 682 528 728 Der
564 683 807 730 Verstoss
842 684 894 729 in
931 683 1017 729 der
1054 680 1428 747 Uebersetzung
1467 682 1694 730 entstand
1729 697 1821 729 aus
1853 683 1970 729 'dem
2013 683 2309 731 Verkennen
2355 684 2445 731 des

427 767 726 816 collectiven
764 767 1025 832 Singulars
1062 768 1192 815 dux.
1216 768 1374 816 ‘Denu
1412 768 1627 816 deutlich
1664 767 1739 830 (⁶2)
1776 774 1892 831 sagt
1929 766 2162 815 Tacitus:
2200 767 2322 816 Erst
2344 771 2444 817 'mit

429 852 838 918 Tagesanbrucb,
876 853 954 901 als
992 852 1268 912 Anstdnrer,
1307 851 1577 912 Soldaten‚
1614 853 1882 917 Vorgange
1931 850 2185 918 allmablig
2233 854 2445 902 erkannt

431 938 652 997 wurden,
692 937 739 985 d.
776 936 808 985 i.
847 938 923 986 als
960 953 1070 986 man
1109 938 1235 986 nach
1275 938 1372 986 und
1407 940 1537 988 nach
1563 938 1752 1000 erfubr,
1791 953 1899 985 was
1936 939 1987 986 in
2023 939 2110 987 der
2133 936 2298 987 Naebt
2333 955 2444 987 vor-

430 1023 668 1085 gesallen,
706 1025 898 1075 welche
936 1024 1178 1073 Soldaten
1216 1025 1295 1074 bei
1333 1025 1443 1073 dem
1481 1023 1699 1073 Vorfalle
1739 1021 2009 1089 betheiligt,
2048 1021 2150 1073 und
2187 1040 2292 1074 wer
2340 1025 2445 1074 ibre

434 1107 786 1158 Radelssubrer
844 1126 1083 1175 gewesen
1134 1115 1358 1158 waren.“
1409 1138 1478 1146 —
1527 1111 1769 1174 Apparet,
1817 1109 2113 1158 Halmium
2159 1111 2445 1159 existimare

432 1195 598 1252 ‚,dux‘·‘
636 1197 680 1244 b.
708 1196 738 1242 l.
772 1212 963 1243 esse:
985 1195 1363 1253 „seditionis
1402 1196 1604 1253 duces,
1643 1195 2141 1244 Radelsfuhrerf‘
2180 1195 2447 1267 Equidem,

431 1298 537 1329 cum
574 1281 703 1329 baud
738 1277 1007 1345 improbem
1051 1279 1179 1328 banc
1227 1280 1714 1344 interpretationem,
1755 1296 1844 1329 eos
1880 1287 2056 1341 tamen,
2095 1280 2176 1345 qui
2226 1289 2447 1330 vertant:

431 1365 742 1426 ‚‚Feldl1err“
780 1363 986 1433 (quibus
1024 1364 1139 1412 addi
1176 1372 1343 1433 potest
1381 1365 1508 1413 Bau
1522 1380 1694 1413 mann
1712 1370 1804 1420 us)
1845 1381 2038 1412 errasse
2074 1365 2448 1429 haudquaquam

430 1467 518 1516 pro
556 1451 896 1500 manifesto
934 1449 1158 1498 habeam.
1197 1449 1372 1514 Neque
1411 1448 1541 1499 enim
1578 1448 1643 1499 iis
1679 1465 1803 1498 voce
1842 1451 2087 1509 ‚‚ducis“
2125 1450 2337 1498 adsurde
2375 1450 2447 1498 vi-

430 1537 570 1585 detur
615 1535 888 1600 significari
925 1531 1434 1596 ‚,Germanicus“,
1487 1537 1663 1601 quippe
1710 1537 1792 1600 qui
1831 1544 2012 1584 nocte
2050 1542 2212 1583 castra
2255 1534 2449 1598 ingredi

433 1622 604 1680 nollet,
643 1634 708 1668 ne
752 1620 954 1668 militum
1000 1637 1089 1684 per
1135 1618 1246 1668 vias
1288 1637 1526 1686 vagorum
1575 1630 1623 1669 et
1675 1621 1962 1670 tenebris
2006 1626 2087 1669 aut
2133 1620 2448 1683 deceptorum

434 1714 517 1754 aut
553 1712 794 1755 tectorum
830 1704 985 1754 rabiei
1023 1720 1081 1753 se
1116 1714 1401 1769 exponeret.

1360 1831 1396 1890 l,
1446 1832 1530 1879 42.

503 1918 616 1965 Non
653 1914 771 1963 mibi
809 1931 937 1963 uxor
971 1923 1053 1962 aut
1090 1914 1223 1965 filius
1271 1924 1411 1980 patre
1456 1925 1504 1964 et
1550 1918 1799 1981 republica
1849 1917 2064 1965 cariores
2103 1922 2232 1964 sunt:
2286 1916 2379 1964 sed

558 2003 693 2049 illum
731 2001 925 2063 quidem
963 2017 1056 2048 sua
1094 2005 1357 2063 majestas,
1396 2003 1646 2066 imperium
1684 2002 1961 2050 Romanum
1998 1999 2149 2050 ceteri
2186 2017 2326 2049 exer-

1224 2083 1350 2133 citus
1388 2086 1666 2134 defendent.

575 2188 783 2236 Verbis:
819 2202 971 2247 „non
1009 2186 1150 2237 mibi
1197 2202 1350 2237 uxor
1391 2197 1492 2237 aut
1539 2188 1715 2237 filius
1762 2195 1939 2253 patre
1990 2195 2047 2237 et
2094 2204 2152 2239 re
2200 2185 2449 2254 publica

438 2276 730 2326 cariores
767 2277 943 2322 snnt“
983 2274 1283 2339 cogitatione
1319 2274 1623 2323 addendum:
1675 2289 1950 2340 „eosque
1989 2275 2059 2332 (b.
2096 2291 2138 2324 e.
2177 2281 2363 2339 patrem
2400 2282 2450 2323 et

440 2376 539 2410 rem
577 2359 847 2423 publicam)
886 2373 1004 2406 non
1041 2359 1259 2417 minus,
1301 2374 1467 2422 quam
1505 2373 1751 2406 uxorem
1790 2365 1847 2406 et
1882 2359 2083 2407 silium
2119 2367 2356 2419 tuerer,
2395 2357 2451 2407 si

440 2446 643 2495 tutela
681 2458 840 2506 opus
887 2447 1057 2490 esset
1093 2443 1211 2505 (sed
1243 2442 1375 2491 illum
1414 2444 1588 2506 etc.)“.
1627 2441 1945 2491 Germanicus
1981 2444 2042 2492 ab
2079 2444 2172 2492 hac
2209 2444 2450 2493 sententia

443 2530 645 2588 orditur,
684 2534 735 2575 ut
772 2528 937 2575 statim
975 2528 1212 2575 orationis
1249 2529 1390 2576 initio
1427 2528 1605 2577 milites
1641 2526 2127 2576 imbecillitatis
2174 2528 2448 2586 admoneat,

444 2632 538 2679 qua
574 2612 809 2676 impediti,
846 2627 955 2675 quae
989 2612 1154 2666 velint,
1194 2613 1428 2677 perficere
1465 2629 1565 2661 non
1601 2611 1814 2676 possint.

1397 2737 1513 2786 ibid.

512 2825 674 2872 Divus
707 2823 866 2870 Julius
913 2823 1207 2871 seditionem
1255 2824 1500 2871 exercitus
1542 2824 1692 2871 verbo
1740 2841 1837 2871 nno
1885 2827 2190 2888 compescuit
2201 2863 2217 2885 ‚
2255 2828 2383 2885 Qui-

621 2908 741 2954 rites
779 2910 1002 2954 vocando
1041 2909 1123 2972 qui
1159 2924 1226 2954 sa
1239 2923 1395 2956 eram
1410 2917 1606 2954 entum
1651 2912 1703 2971 ej
1720 2924 1787 2954 ns
1824 2908 1922 2955 det
1935 2926 2035 2955 rec
2048 2912 2146 2957 tab
2160 2916 2273 2957 ant.

583 2995 749 3040 Verba
806 2993 942 3056 „qui
1008 3008 1246 3041 sacram
1260 3000 1462 3041 cutum
1517 2989 1617 3055 eju
1632 3009 1663 3041 s
1712 2994 1743 3039 d
1757 3009 1783 3040 e
1798 2996 2186 3042 trectabant“
2239 2997 2332 3055 iis,
2370 2997 2451 3058 qui

447 3080 674 3127 usitatam
710 3077 851 3125 vocis
888 3077 958 3137 „d
971 3085 1029 3125 et
1042 3094 1101 3126 re
1114 3084 1172 3126 ct
1183 3093 1212 3124 a
1226 3081 1318 3125 re“
1357 3080 1455 3124 vim
1491 3076 1776 3142 (ablelmen,
1812 3079 2147 3144 verweigern)
2164 3077 2451 3144 respiciunt,

442 3164 575 3213 idem
610 3177 792 3212 sonare
828 3162 1067 3223 videntur,
1106 3178 1135 3228 q
1148 3181 1180 3212 u
1191 3179 1220 3211 ο
1230 3162 1284 3212 d:
1321 3163 1442 3227 „qui
1465 3167 1830 3211 sacramentum
1863 3163 1919 3211 ei
1955 3163 1986 3212 d
1997 3161 2015 3211 i
2027 3177 2091 3212 ce
2102 3179 2166 3213 re
2203 3181 2227 3213 r
2237 3182 2266 3214 e
2277 3181 2345 3215 eu
2357 3179 2449 3213 sa-

443 3249 471 3296 b
481 3266 508 3296 a
521 3265 552 3297 n
565 3249 637 3295 t“.
719 3245 785 3295 At
834 3246 940 3296 liaec
998 3248 1147 3297 verba
1216 3247 1266 3297 b.
1309 3244 1342 3298 l.
1395 3243 1464 3295 ita
1520 3245 1760 3310 explicari
1816 3261 1915 3296 non
1966 3254 2193 3310 possunt.
2263 3246 2450 3298 Milites

442 3334 571 3380 euim
622 3328 723 3379 divi
775 3329 810 3380 J
815 3332 898 3380 ulii
911 3370 926 3392 ,
964 3332 1046 3395 qui
1099 3331 1386 3380 missionem
1439 3338 1489 3381 et
1541 3330 1743 3395 praemia
1804 3329 2093 3396 flagitantes
2155 3330 2447 3379 seditionem
