2960 3806
1285 269 1567 340 <3¹83

417 414 549 468 sunt,
589 414 637 457 et
674 416 727 458 ut
763 405 1005 472 pudore
1042 416 1430 458 moverentur
1464 408 1664 467 militeS,
1700 408 1888 468 audito,
1925 425 1983 458 se
2018 410 2126 460 suis
2162 415 2312 466 rebus
2348 433 2437 467 30-

415 495 497 544 los
537 511 636 543 uon
661 498 928 543 contentos
965 492 1116 543 otium
1153 494 1365 548 turbare,
1404 493 1584 543 ceteris
1620 494 1898 559 legionibus
1931 495 1982 543 in
2025 494 2193 548 officio
2238 516 2438 553 manen-

413 582 576 639 tibus,
625 589 674 628 et
733 587 783 626 ut
842 581 1160 637 docerentur,
1214 579 1465 643 incepta
1521 580 1977 629 seditiosorum
2029 581 2216 632 irrita
2273 603 2436 648 esse,

407 680 563 730 ,quum
601 665 702 714 fide
742 672 1022 714 ceterorum
1058 664 1260 713 militum
1298 665 1576 731 civiumque
1620 665 1875 729 imperium
1919 666 2043 716 satis
2085 666 2438 722 defenderetur.

1342 822 1380 883 l,
1419 823 1504 874 44.

498 923 735 983 orabant,
785 951 857 960 --
894 922 1078 972 rediret
1123 922 1376 987 legionum
1422 923 1669 982 alumnus,
1715 939 1861 972 neve
1909 925 2094 975 obses
2144 923 2350 977 Gallis

1241 1023 1608 1071 traderetur.

563 1140 670 1201 Quo
710 1139 997 1191 inclinatior
1033 1139 1099 1189 nd
1147 1140 1300 1189 filium
1349 1141 1673 1190 revocandum
1724 1141 1867 1190 fieret
1904 1142 2250 1206 Germanicus,
2300 1164 2435 1198 sus-

414 1232 653 1293 pectam
694 1227 871 1274 milites
909 1227 1157 1274 faciebaut
1194 1226 1237 1273 si
1252 1227 1382 1274 dem
1419 1221 1669 1274 Gallorum
1708 1224 2050 1290 (Trevirorum
2071 1229 2127 1278 C.
2166 1227 2295 1294 st),
2333 1249 2433 1282 me-

415 1311 647 1359 tuendum
687 1326 823 1371 esse,
863 1310 1106 1368 dieenteS,
1146 1326 1208 1356 ue
1247 1307 1378 1357 Galli
1417 1307 1568 1357 filium
1604 1325 1693 1376 pro
1737 1311 1961 1359 obside
2000 1310 2209 1361 habituri
2245 1326 2432 1378 esseut,

410 1395 457 1442 h.
500 1411 541 1441 e.
582 1395 970 1453 nonredditurb
1010 1395 1103 1440 nisi
1144 1394 1226 1451 iis,
1267 1410 1374 1457 quae
1411 1395 1612 1453 vellent,
1651 1395 1939 1461 impetratis.

1365 1550 1480 1599 ibid.

486 1654 709 1702 veterani
745 1651 873 1701 haud
910 1651 1063 1700 multo
1101 1658 1217 1717 post
1253 1652 1301 1701 iu
1340 1651 1548 1700 Raetiam
1586 1652 1838 1701 mittuntur
1873 1680 1960 1715 -‚
1999 1662 2051 1704 ut
2087 1655 2358 1707 avelleren-

533 1760 609 1802 tur
645 1754 823 1803 castris
860 1754 1139 1802 trucibus
1175 1754 1372 1802 adhuc
1410 1770 1530 1801 uon
1566 1754 1775 1801 minus
1821 1757 2179 1819 asperitate
2215 1773 2309 1807 re—

952 1852 1171 1912 medii,
1210 1868 1356 1918 quam
1394 1853 1600 1904 sceleris
1636 1855 1883 1904 memoria.

548 1971 786 2020 Veterani
823 1988 850 2019 e
888 1968 1085 2030 castris,
1122 1970 1173 2018 in
1222 1967 1399 2036 quibus
1447 1968 1710 2020 seditionis
1759 1976 1988 2020 auctores
2035 1972 2214 2036 poenis
2261 1975 2430 2024 affecti

409 2065 567 2117 erant,
605 2055 805 2106 abducti
842 2061 971 2116 sunt,
1009 2071 1073 2105 ne
1110 2054 1408 2105 seditionem
1441 2053 1847 2121 redintegrarent.
1903 2055 2062 2115 Quum
2101 2058 2227 2105 enim
2264 2058 2342 2108 his
2379 2060 2428 2108 in

408 2140 588 2192 castris
636 2142 965 2204 asperitas
1018 2139 1221 2189 remedii
1270 2138 1493 2200 facilius,
1532 2156 1673 2204 quam
1727 2140 1826 2190 alio
1871 2141 2013 2199 loeo,
2051 2142 2098 2189 in
2144 2144 2429 2192 memoriam

410 2232 761 2286 revocaretur,
798 2224 1111 2275 metuendum
1161 2234 1293 2283 erat,
1342 2239 1412 2284 ne,
1447 2226 1833 2273 manentibus
1880 2226 1943 2274 ob
1991 2227 2194 2274 remedii
2237 2230 2426 2292 asperi-

409 2318 561 2360 tatem
597 2328 771 2360 novae
808 2320 1121 2360 moverentur
1155 2312 1254 2357 irae.

1332 2472 1371 2532 1,
1408 2470 1496 2520 4⁷.

470 2573 661 2637 primo
699 2570 983 2636 prudenteS,
1023 2568 1161 2619 dein
1196 2568 1413 2635 volgum,
1452 2567 1807 2619 diutissime
1843 2569 2129 2635 provincias
2165 2568 2351 2619 fefellit.

542 2691 708 2739 Primo
765 2691 948 2737 etiam
1017 2688 1318 2752 prudentes,
1378 2702 1478 2735 non
1541 2689 1688 2736 modo
1750 2689 1952 2755 volgum
2012 2694 2060 2735 et
2112 2690 2420 2754 provincias,

401 2774 599 2834 refellit,
655 2790 695 2823 s.
745 2773 940 2823 etiam
993 2774 1287 2838 prudenteS,
1323 2771 1575 2824 Tiberium
1630 2774 1694 2821 ad
1746 2774 1996 2823 exercitus
2031 2772 2225 2833 iturum,
2263 2775 2420 2838 primo

399 2860 683 2920 eredebant,
717 2858 765 2906 hi
793 2866 956 2906 tamen
985 2856 1139 2921 priuS,
1164 2874 1307 2921 quam
1333 2858 1506 2917 ceteri,
1539 2858 1631 2906 iter
1654 2873 1764 2908 eum
1797 2856 2114 2917 simulare,
2144 2872 2417 2922 perspexe-

396 2953 505 2995 runt
517 2962 534 3005 ς
578 2944 761 3005 „dein
812 2944 1051 3008 volgum
1081 2970 1148 2979 —-
1186 2942 1460 2992 fefellit“
1483 2967 1539 2990 =-..
1564 2951 1860 3010 „postquam
1895 2943 2163 3007 prudentes
2205 2950 2417 2991 mentem

399 3035 508 3093 ejus
536 3034 643 3093 jam
680 3028 1105 3092 introspexerunt,
1144 3029 1346 3094 vulgus,
1384 3026 1565 3092 quippe
1614 3028 1746 3092 quod
1790 3030 1948 3077 minus
1995 3027 2207 3092 prudens
2254 3034 2415 3086 esset,

395 3115 446 3162 in
502 3126 670 3162 errore
726 3114 914 3161 versari
965 3128 1062 3162 nou
1105 3111 1313 3175 desiit“;
1373 3113 1646 3163 diutissime
1684 3111 1918 3161 Tiberius
1954 3111 2126 3186 fefellit
2171 3111 2416 3177 provin·

395 3197 558 3258 eiaS‚
607 3204 775 3262 utpote
824 3213 953 3262 quae,
1001 3199 1154 3263 longo
1210 3199 1374 3263 spatio
1421 3217 1449 3249 a
1498 3197 1719 3264 principe
1765 3203 1996 3257 remotae,
2044 3199 2257 3247 animum
2303 3198 2415 3258 ejus

391 3283 589 3332 minime
625 3289 849 3332 nossent.
