2960 3806
1326 377 1607 448 <3153>

1459 518 1548 567 37.

847 606 865 653 l
878 621 910 652 a
920 620 944 653 r
952 623 986 670 g
996 606 1014 654 i
1026 611 1045 652 t
1056 603 1076 651 i
1087 618 1117 651 o
1154 519 1471 653 differebalt’ur
1503 604 1557 653 in
1590 602 1791 654 hiberna
1824 606 2074 668 cuiusque.

597 705 792 754 Vocem
829 707 925 765 „la
935 722 960 753 ι·
970 723 1005 770 g
1015 704 1033 752 i
1045 703 1089 752 ti
1102 723 1133 754 o
1145 707 1203 754 ni
1213 710 1278 755 s“
1309 723 1398 771 per
1433 720 1492 754 se
1517 708 1759 771 spectanti
1786 706 2052 755 verisimile
2089 708 2327 768 videatur,
2365 709 2459 757 lar-

457 790 695 857 gitione·
731 806 849 839 esse
880 789 1117 854 praemia,
1155 790 1388 840 militibus
1423 809 1456 855 p
1471 797 1568 840 ost
1611 806 1641 840 c
1654 793 1905 840 onfecta
1953 809 1979 840 s
1992 795 2040 840 ti
2053 809 2082 856 p
2095 808 2125 841 e
2139 809 2169 841 n
2183 792 2214 840 d
2227 794 2286 840 ia
2318 794 2463 841 tribui

459 875 613 926 solita
657 876 740 942 (G.
781 875 882 934 17).
921 875 1080 934 Quum
1126 892 1246 926 vero
1280 876 1330 925 in
1376 878 1456 936 iis,
1494 894 1619 941 quae
1666 874 1732 925 de
1779 876 2026 942 legionum
2062 880 2106 926 G
2120 896 2147 927 e
2158 895 2182 926 r
2192 893 2237 925 m
2248 894 2278 926 a
2288 894 2322 926 n
2334 879 2350 925 i
2362 891 2392 925 c
2403 893 2432 924 a
2442 903 2462 912 -

457 978 521 1010 ru
532 977 577 1008 m
604 960 849 1009 seditione
884 968 1154 1021 narrantur,
1191 961 1328 1009 nulla
1364 961 1610 1026 ejusmodi
1646 960 1970 1026 praemiorum
2006 963 2185 1010 mentio
2222 962 2330 1022 fiat,
2369 961 2462 1009 sed

455 1063 489 1113 p
501 1061 571 1095 ec
584 1062 613 1093 u
626 1047 760 1094 niae
804 1045 1023 1112 abAug
1035 1064 1066 1093 u
1079 1054 1136 1095 st
1148 1063 1179 1095 o
1216 1048 1358 1114 lega
1371 1055 1481 1108 tae,
1518 1064 1662 1112 quam
1695 1048 1879 1096 milites
1909 1046 2199 1112 petiverant,
2236 1052 2287 1095 et
2324 1050 2462 1110 cnjus

458 1133 710 1197 duplicata
746 1129 930 1178 solutio
972 1130 1038 1180 iis
1072 1135 1314 1197 promissa
1357 1135 1517 1181 suerat
1562 1134 1707 1197 (Cap.
1743 1132 1839 1201 36)
1850 1168 1865 1194 ,
1903 1135 2083 1180 rectius
2118 1138 2259 1198 putes
2272 1168 2287 1192 ,
2335 1147 2462 1180 voce

459 1215 724 1282 „largiti
738 1218 919 1265 ouis“
968 1216 1016 1264 h.
1053 1217 1087 1270 l,
1145 1215 1418 1283 significari
1453 1217 1761 1284 „Augusti
1797 1219 2067 1284 legata.‘⁴

1380 1327 1418 1403 ι’,
1454 1340 1539 1391 38.

501 1429 721 1490 jusserat
757 1424 809 1475 id
833 1426 1059 1476 Mennius
1087 1434 1360 1476 castrorum
1396 1429 1675 1494 praefeetus,
1715 1430 1743 1477 b
1755 1445 1785 1477 o
1799 1447 1832 1478 n
1845 1445 1875 1477 o
1909 1427 2073 1494 magis
2101 1447 2128 1477 e
2142 1445 2178 1476 x
2191 1445 2218 1476 e
2229 1443 2273 1475 m
2283 1424 2343 1493 pl
2358 1443 2406 1486 o,

1176 1529 1319 1576 qnam
1356 1529 1603 1562 concesso
1630 1520 1758 1579 jure.

596 1615 792 1665 Verba:
846 1616 911 1676 „b
926 1631 1043 1666 ono
1097 1630 1171 1665 ex
1184 1630 1213 1665 e
1226 1633 1315 1682 mp
1328 1617 1346 1665 l
1359 1621 1428 1666 0“
1481 1615 1603 1678 noli,
1656 1618 1821 1667 verbis
1875 1634 1941 1678 „c
1954 1633 2025 1666 on
2040 1632 2107 1666 ce
2123 1633 2149 1665 s
2162 1631 2233 1665 so
2280 1620 2381 1680 jur
2395 1618 2460 1664 e“

458 1699 704 1761 inductus,
746 1698 926 1750 habere
961 1716 1052 1765 pro
1087 1702 1173 1752 Ab
1186 1699 1246 1750 la
1259 1700 1373 1753 tivi
1386 1718 1426 1751 s·
1498 1703 1544 1752 D
1556 1721 1588 1752 a
1598 1705 1640 1751 ti
1651 1720 1679 1754 v
1693 1701 1712 1750 i
1758 1708 1872 1752 sunt
1884 1739 1899 1762 ,
1938 1701 2111 1768 quibus
2122 1738 2138 1762 ,
2176 1701 2293 1770 quid
2324 1716 2357 1766 p
2371 1716 2394 1747 r
2407 1715 2462 1748 o—

457 1800 489 1846 p
504 1800 534 1830 o
550 1785 634 1832 sit
647 1800 676 1830 u
689 1801 737 1831 m
774 1786 803 1833 h
819 1802 848 1832 a
859 1783 889 1832 b
900 1801 930 1832 u
943 1800 973 1833 e
986 1783 1066 1833 rit
1100 1784 1345 1845 Mennius,
1381 1787 1622 1845 indicatur
1657 1783 1742 1846 (zu
1752 1830 1763 1838 γ,
1796 1796 1956 1851 gutem
1982 1810 2040 1831 =
2062 1788 2372 1835 wirksamem
2410 1809 2467 1830 =

459 1869 911 1918 abschreokendem
964 1868 1236 1937 Beispiel),
1291 1891 1351 1912 =
1402 1872 1584 1937 magis,
1636 1881 1687 1919 ut
1740 1873 1918 1921 bonum
1972 1872 2243 1937 exemplum
2281 1872 2461 1930 ederet,

460 1968 602 2015 qnam
640 1955 753 2016 quia
781 1959 866 2017 jus
901 1956 950 2004 ei
985 1968 1279 2003 concessum
1316 1962 1431 2004 erat.

1386 2080 1432 2141 l,
1470 2079 1553 2130 39.

527 2163 728 2212 caedem
771 2170 967 2229 parant,
1002 2164 1191 2214 Planco
1227 2167 1459 2226 maxime,
1496 2180 1658 2230 quem
1710 2167 1976 2232 dignitas
2027 2169 2170 2231 suga
2216 2167 2394 2231 impe-

1332 2250 1593 2300 diverat

604 2345 792 2392 Verba:
831 2361 1044 2410 „quem
1081 2345 1369 2411 dignitas
1406 2347 1551 2412 fuga
1585 2346 2034 2413 impediverat“
2080 2348 2174 2394 nisi
2221 2347 2348 2394 velis
2391 2344 2466 2394 ita

464 2430 739 2494 explicare:
777 2431 932 2497 „fuga
967 2430 1228 2497 impeditus
1266 2439 1357 2492 est,
1396 2432 1509 2497 quia
1548 2433 1841 2493 confidebat,
1879 2449 1954 2493 se,
1992 2438 2171 2480 tantum
2212 2432 2465 2497 dignitatis

462 2513 662 2579 gradum
704 2514 961 2579 adeptum,
998 2517 1029 2564 i.
1077 2530 1122 2565 e.
1168 2515 1320 2564 virum
1355 2517 1704 2577 consularem,
1750 2535 1781 2566 a
1824 2518 2056 2566 militibus
2101 2533 2199 2566 non
2236 2517 2469 2565 violatum

462 2598 586 2657 iri,“
624 2626 692 2634 —
728 2599 832 2647 haec
867 2598 955 2648 tibi
990 2601 1203 2649 sortasse
1238 2601 1520 2669 probabitur
1557 2601 1848 2666 explicati0=
1893 2601 2155 2665 „pudore
2196 2598 2465 2666 impeditus

464 2691 541 2730 est
577 2684 650 2730 vir
685 2690 865 2732 tantam
902 2684 1155 2749 dignitatis
1191 2685 1392 2750 gradum
1427 2686 1654 2750 adeptus,
1692 2687 1723 2734 i.
1743 2703 1786 2733 e.
1824 2688 2080 2736 consulatu
2115 2689 2329 2747 functus,
2368 2705 2462 2751 quo

462 2766 620 2816 minus
673 2767 927 2817 militum
979 2771 1443 2834 gregariorum,
1497 2770 1787 2819 hominnm
1846 2773 2034 2820 multo
2081 2773 2462 2829 inferiorum,

463 2851 582 2901 iram
617 2855 822 2919 fugeret.

813 2952 816 2954 v
1409 2957 1524 3008 ibid.

534 3041 644 3089 luce
682 3041 899 3104 demum,
937 3046 1193 3108 postquam
1237 3043 1356 3093 dux
1404 3052 1453 3092 et
1493 3043 1636 3092 miles
1684 3052 1732 3093 et
1768 3046 1897 3093 facta
1932 3046 2283 3104 noscebantur,
2319 3046 2390 3092 in-

601 3141 808 3193 gressus
845 3136 1010 3177 castra
1048 3122 1364 3192 Germanicus
1397 3114 1598 3194 perduci
1633 3131 1697 3178 ad
1733 3147 1790 3178 se
1825 3131 2061 3179 Plancum
2102 3130 2321 3193 imperat,

1100 3219 1102 3222 ’
1147 3200 1434 3280 recepitque
1469 3215 1520 3264 in
1555 3213 1781 3278 tribunal.

602 3312 888 3379 Halmius
941 3315 999 3380 (l.
1055 3334 1100 3366 c.
1150 3334 1198 3382 p.
1251 3314 1327 3378 5.)
1381 3317 1681 3382 assentiente
1733 3318 2106 3371 Psitznero¹)
2159 3317 2472 3380 reprehendit

565 3424 595 3469 ι)
620 3429 747 3470 Jahn
774 3441 809 3466 u.
833 3432 988 3467 Klotz.
1035 3432 1138 3468 Neue
1158 3432 1310 3468 ΜΒΝ».
1332 3435 1392 3483 δὴ,
1417 3433 1499 3469 288.
