2960 3806
1237 306 1482 378 <aaa

389 451 444 512 „i
456 453 543 501 n.“
579 444 798 498 Ablativi
834 450 1025 494 autem:
1064 450 1282 510 ‚·,porta“
1318 447 1399 495 vel
1437 444 1696 511 ‚,portis,“
1732 462 1861 512 quos
1908 465 2020 512 pro:
2068 464 2137 511 „p
2152 461 2181 495 e
2194 465 2218 496 r
2262 465 2338 512 po
2351 465 2398 498 r-

387 538 522 584 ιειιιιιι
568 552 615 584 v.
661 548 730 596 „p
742 546 800 580 er
846 547 876 594 p
891 535 1094 579 ortas“
1139 546 1279 596 saepe
1321 532 1439 596 poni
1488 537 1653 580 notum
1701 540 1797 593 est,
1845 542 1960 582 sunt
1995 531 2232 592 Ablativi,
2272 550 2398 597 quos

387 622 574 682 (linunt,
592 618 1000 678 instrumenti,
1023 625 1074 665 et
1092 618 1265 670 verba:
1301 623 1517 680 „porta
1550 618 1942 682 triumphalffl
1961 616 2212 682 propriam
2230 632 2398 671 eorum

387 708 484 755 vim
518 703 811 770 exprimenti
847 702 1081 754 vertenda
1111 709 1250 750 sunt:
1270 718 1338 763 „v
1350 703 1546 751 ermitt
1559 703 1679 752 elst
1715 704 1782 752 de
1793 718 1821 752 s
1850 702 1952 752 Tri
1963 721 2086 771 ump
2099 704 2157 752 ht
2169 704 2237 752 ho
2250 708 2392 754 ποθι(

387 808 444 831 =
489 799 541 840 ut
584 796 725 855 porta
761 788 1038 852 triumphali
1073 794 1243 837 utere
1257 794 1407 849 ntur,
1443 789 1526 854 qui
1560 790 1708 838 funus
1745 789 1990 839 ducerent.

1354 949 1420 998 ib.

770 1044 850 1093 die
886 1045 1072 1095 funeris
1108 1045 1290 1098 milites
1326 1048 1498 1097 velut
1533 1048 1768 1114 prasidio
1804 1052 2003 1097 stetere.

528 1147 678 1195 Velut
705 1166 760 1187 =
797 1147 854 1194 in
892 1149 1185 1210 speciem.
1257 1147 1495 1197 Revera
1532 1150 1660 1198 enim
1696 1148 1879 1198 milites
1921 1164 2023 1198 non
2070 1149 2293 1209 aderant,
2345 1157 2396 1198 ut

386 1233 750 1297 prohiberetur,
787 1246 847 1280 ne
902 1233 1115 1297 populus
1153 1232 1316 1282 nimiis
1353 1221 1532 1283 studiis
1568 1236 1715 1284 sunus
1751 1232 1968 1300 Augusti
2010 1234 2225 1282 turbaret.
2266 1234 2395 1298 (ete-

385 1320 481 1365 nim
516 1332 613 1364 non
645 1325 767 1376 erat,
801 1331 889 1364 eur
912 1317 1006 1365 boc
1024 1319 1358 1382 metueretur),
1385 1321 1475 1368 sed
1499 1327 1553 1367 ut
1577 1318 1850 1380 caveretur,
1888 1337 1950 1369 ne
1976 1321 2102 1383 quis,
2142 1316 2396 1367 servitium

386 1418 518 1468 aegre
552 1404 733 1462 ferens,
770 1404 821 1451 in
856 1418 1033 1469 pompa
1070 1406 1162 1452 bae
1196 1404 1385 1454 funebri
1421 1405 1754 1454 immodestum
1790 1422 1851 1454 se
1886 1406 2125 1469 proebere,
2162 1403 2246 1453 vel
2267 1402 2396 1452 adeo

385 1505 475 1553 pro
523 1487 747 1537 libertate
796 1489 981 1553 aliquid
1027 1489 1187 1538 moliri
1235 1492 1465 1551 auderet3
1516 1506 1624 1555 quae
1672 1493 1835 1539 cautio
1885 1491 2093 1539 ridicula
2139 1487 2399 1538 videbatur

385 1575 468 1634 iis,
506 1575 588 1638 qui
610 1589 707 1621 non
738 1573 1039 1633 dubitabant,
1061 1577 1173 1639 quin
1199 1574 1411 1624 Romani
1445 1591 1670 1625 reeens
1707 1576 1960 1640 (crudum)
1997 1576 2248 1624 servitium
2275 1571 2395 1622 olim

370 1658 551 1724 passi,
591 1661 687 1708 hoo
730 1662 875 1709 unius
916 1659 1196 1725 imperium,
1245 1661 1433 1727 longo
1486 1669 1753 1725 tempore
1811 1662 1968 1711 satis
2015 1658 2396 1718 stabilitum,

384 1744 540 1808 aequis
574 1744 748 1793 animis
784 1742 930 1793 laturi
966 1752 1151 1794 essent.

1334 1902 1368 1965 l,
1408 1905 1454 1955 9.

541 2000 661 2050 mari
700 2003 904 2052 Oceano
941 2012 1025 2052 aut
1059 2004 1286 2053 amnibus
1321 2004 1665 2070 longinquis
1707 2011 1930 2068 saeptum
1970 2003 2236 2069 imperium.

523 2104 830 2168 Jnterpretes
868 2118 1012 2168 quum
1051 2113 1243 2153 vertant
1270 2106 1735 2172 ,‚longinquis“:
1773 2105 1990 2163 „durch
2028 2104 2391 2161 entfernte,“

385 2187 719 2244 Halmius¹)
763 2196 934 2237 contra
976 2188 1117 2238 dicit:
1171 2191 1344 2250 „VVas
1390 2196 1519 2256 tragt
1564 2191 1642 2237 die
1673 2190 2001 2237 Entfemtheit
2040 2206 2140 2236 von
2181 2191 2397 2236 Flfissen

385 2290 471 2323 zur
501 2273 850 2325 Sicberbeit
887 2274 1022 2323 einer
1057 2273 1432 2342 Reichsgrenze
1468 2275 1595 2324 bei?
1640 2275 1783 2323 Denn
1826 2275 1947 2322 dass
1985 2288 2041 2320 es
2080 2274 2186 2321 sich
2225 2273 2395 2322 darum

383 2361 601 2419 bandelt,
639 2363 705 2408 ist
741 2360 889 2408 durch
928 2359 1018 2408 das
1058 2360 1210 2409 Wort
1247 2365 1455 2424 saeptum
1492 2363 1589 2411 und
1626 2361 1720 2410 den
1758 2363 2041 2425 Gegensatz
2078 2362 2201 2408 mari
2255 2361 2394 2409 deut·

384 2445 481 2494 lich
519 2463 686 2511 genug
721 2447 1141 2511 ausgesproeben.
1178 2445 1456 2512 Longinqui
1510 2460 1680 2495 amnes
1717 2444 1829 2494 sind
1863 2444 2044 2494 Flfisse
2081 2444 2165 2494 mit
2200 2446 2399 2511 langem

385 2531 570 2592 Lause,
610 2532 688 2580 die
725 2534 808 2579 aut
844 2532 993 2581 weite
1031 2532 1278 2580 Streeken
1313 2530 1397 2581 bin
1436 2533 1547 2580 eine
1584 2530 1853 2580 natiirliebe
1893 2526 2090 2581 Granze
2136 2531 2395 2580 macben.“

385 2615 689 2681 Quamquam
725 2632 819 2665 nos
858 2616 1052 2680 quidem
1088 2617 1216 2666 bane
1251 2618 1695 2681 interpretationem
1723 2632 1819 2667 non
1848 2616 2196 2681 improbamus,
2233 2623 2397 2664 tamen

385 2699 530 2749 etiam
554 2710 752 2752 ceteros
774 2702 1065 2767 interpretes
1086 2711 1310 2770 putamus
1344 2702 1596 2763 babuisse,
1617 2717 1704 2750 cur
1721 2708 1989 2750 verterent:
2014 2701 2083 2760 „d
2097 2701 2235 2749 ureb
2272 2708 2391 2749 ent-

385 2785 646 2836 fernte.“
704 2787 783 2837 Jis
820 2785 967 2849 enim,
1005 2790 1293 2853 quibuscum
1338 2788 1416 2835 bic
1452 2786 1593 2837 locus
1629 2789 1863 2847 eobaeret,
1900 2802 2206 2851 nequaquam
2240 2785 2394 2851 impe-

386 2868 533 2931 ditur,
572 2871 829 2935 quominus
867 2889 1050 2935 sumas,
1100 2872 1381 2922 laudatores
1417 2873 1630 2938 Augusti
1666 2888 1764 2920 non
1802 2873 1965 2932 modo,
2015 2887 2158 2935 quam
2203 2877 2394 2919 tutum

387 2955 479 3003 sed
513 2955 663 3005 etiam
700 2975 839 3023 quam
874 2975 1003 3024 mag
1017 2975 1145 3007 num
1179 2958 1356 3006 fuisset
1390 2956 1661 3024 imperium,
1681 2958 1951 3023 praedicare
1984 2957 2229 3014 voluisse,
2269 2971 2394 3020 quae

385 3039 495 3089 laus
533 3043 837 3104 enunciatur,
875 3045 921 3092 si
956 3045 1068 3092 voci
1105 3041 1546 3108 „longinquis“
1579 3042 1819 3105 subjicias
1859 3041 1984 3089 vim:
2021 3040 2234 3099 „durch
2271 3050 2394 3091 ent-

386 3126 590 3176 sernte
618 3130 832 3195 (longe
869 3130 940 3178 ab
977 3129 1126 3186 urbe
1161 3129 1510 3193 remotis).“
1549 3128 1695 3186 Quod
1725 3124 2008 3176 Halmius
2046 3122 2187 3185 dicit,
2207 3127 2395 3177 verbis:

389 3211 568 3271 „mari
598 3215 844 3263 Oceano“
875 3222 949 3261 et:
972 3230 1076 3273 „sa
1092 3218 1317 3277 eptum“
1347 3215 1569 3273 indicari,
1603 3214 1730 3262 fines
1765 3212 1999 3276 imperii
2022 3216 2191 3259 tutos
2210 3210 2395 3273 fnisse,

485 3374 514 3420 ¹)
540 3380 709 3423 Beitrage
733 3390 798 3416 zus
822 3378 943 3415 Kritik
968 3380 1038 3413 und
1066 3376 1276 3422 Erklttrung
1300 3379 1364 3411 der
1386 3378 1551 3412 Annalem
1577 3377 1640 3410 dee
1666 3375 1825 3411 Tacitus.
1860 3375 2003 3416 §meyer
2027 3372 2134 3475 1846ί
2141 3382 2190 3463 ὲ)
2214 3374 2249 3411 ³.
