2960 3806
1271 282 1554 353 <8²38>

402 426 547 485 Eam,
584 439 730 488 quam
766 424 872 471 haec
911 439 1014 472 vox
1050 422 1144 470 hoc
1181 423 1525 486 quoque-loco
1562 421 1726 480 habet,
1765 422 1863 469 vim
1882 435 1981 469 nou
2014 424 2181 473 omisit
2203 425 2415 474 Frenu-

404 511 542 559 ‹lius
576 507 773 558 iuLex.
811 523 920 559 s.v;
959 510 1414 570 ,‚praetentare“
1433 505 1521 556 Νι.
1540 506 1613 564 113
1651 503 1867 556 debebat
1902 512 2078 556 autem-
2102 511 2253 559 etiam
2290 510 2414 558 hunc

405 595 573 644 Taciti
608 595 770 642 locum
790 593 999 642 afferre.

1357 733 1473 782 ibid.

475 843 528 886 ut
564 839 738 902 quibus
775 835 945 896 initiis,
985 844 1160 900 quanta
1197 833 1386 884 Tiberii
1422 841 1526 883 arte
1563 833 1907 900 gravissimum
1946 835 2146 883 exitium
2195 837 2346 899 irrep-

476 940 614 999 serit,
653 937 769 988 dein
805 952 1085 1004 repressum
1110 937 1194 997 sit,
1229 941 1531 1002 postremo
1569 937 1802 984 arserit
1833 942 2180 999 cunctaque
2217 952 2343 984 eor-

1128 1037 1219 1101 rip
1234 1038 1409 1096 uerit,
1445 1044 1694 1084 noscatur.

546 1157 740 1207 Dixerit
776 1154 1036 1220 quispiam,
1075 1150 1355 1202 criminibus
1390 1151 1440 1201 in
1477 1152 1518 1200 1³·
1532 1153 1589 1201 al
1600 1172 1629 1201 a
1641 1170 1671 1201 n
1682 1152 1700 1199 i
1712 1169 1742 1201 o
1780 1159 1828 1200 et
1873 1151 1922 1202 R
1934 1171 1964 1202 u
1977 1155 2007 1202 b
2022 1153 2073 1203 ri
2087 1170 2118 1202 o
2154 1162 2414 1220 praetenta—

405 1244 470 1291 tis
507 1240 770 1291 ostendere
808 1239 1003 1303 quidem
1040 1238 1287 1298 Tacitum,
1327 1239 1502 1302 quibus
1521 1237 1693 1297 initiis,
1731 1231 1909 1302 quanta
1933 1236 2122 1287 Tiberii
2159 1248 2264 1289 arte
2301 1258 2413 1306 gra—

404 1327 655 1375 vissimum
704 1324 902 1373 exitium
944 1321 1068 1372 irre
1083 1341 1113 1388 p
1129 1340 1154 1373 s
1169 1341 1196 1370 e
1210 1339 1232 1370 r
1245 1324 1291 1371 it
1308 1357 1325 1384 ,
1370 1323 1483 1370 dein
1530 1337 1626 1386 rep
1638 1337 1738 1369 res
1753 1338 1779 1370 s
1792 1341 1820 1371 u
1834 1337 1878 1370 m
1926 1323 2015 1383 sit,
2042 1330 2045 1332 ’
2061 1327 2220 1388 neque
2275 1339 2415 1385 vero,

403 1419 583 1478 quanta
620 1404 810 1460 Tiberii
846 1413 950 1458 arte
986 1416 1292 1476 postremo
1329 1407 1562 1457 arserit
1600 1415 1949 1473 cunctaque
1994 1422 2068 1459 co
2082 1409 2214 1475 rrip
2229 1408 2414 1461 uerit.

403 1498 602 1557 Quanta
641 1496 772 1545 enim
807 1494 997 1545 Tiberii
1034 1502 1142 1544 arte
1177 1494 1537 1560 gravissimum·
1559 1493 1759 1542 exitium
1796 1501 2048 1559 postremo
2085 1496 2260 1544 arserit
2296 1512 2413 1544 enn-

403 1589 579 1646 ctaque
609 1580 912 1645 corripuerit,
948 1579 1290 1645 posteriore
1325 1585 1612 1641 tempore
1648 1577 1915 1626 aliorum
1950 1581 2290 1629 accusatio
2305 1597 2415 1631 nes

404 1668 619 1715 virorum
657 1665 853 1724 docere,
891 1679 1050 1728 neque
1086 1661 1450 1712 accusationem
1486 1662 1566 1710 Fa
1579 1662 1636 1710 la
1646 1680 1677 1710 ιι
1688 1663 1733 1710 ii
1779 1668 1826 1711 et
1860 1662 1911 1711 R
1921 1680 1951 1712 u
1964 1664 1995 1710 b
2006 1663 2101 1713 rii.
2178 1664 2282 1714 Sed
2320 1667 2411 1715 cri-

401 1748 614 1799 minibus
649 1750 701 1797 in
736 1748 778 1797 F
790 1765 819 1796 a
834 1746 963 1796 lani
978 1763 1008 1796 o
1047 1756 1095 1797 et
1139 1747 1188 1796 R
1202 1765 1230 1795 n
1244 1749 1275 1795 b
1288 1745 1339 1796 ti
1350 1764 1390 1795 o
1432 1748 1734 1810 praetentatis
1782 1763 1824 1795 s.
1868 1747 2079 1799 Falanio
2128 1758 2178 1799 et
2223 1750 2413 1801 Rubrio

401 1835 419 1882 1
433 1850 462 1885 e
473 1852 505 1884 ιι
517 1836 594 1883 ite
606 1852 631 1883 ι·
665 1834 697 1881 h
710 1852 739 1882 a
753 1833 910 1882 bitis
947 1835 1172 1882 effectum
1210 1837 1304 1892 est,
1343 1839 1392 1879 ut
1416 1830 1761 1897 gravissimum
1797 1833 1899 1882 boc
1930 1831 2131 1884 exitium
2158 1844 2412 1899 postremo

402 1921 574 1970 ardere
611 1926 888 1983 cunctaque
926 1921 1170 1984 corripere
1207 1925 1453 1984 posset.

1293 2068 1295 2070 v
1325 2042 1364 2102 1,
1402 2041 1489 2090 75.

469 2172 530 2218 in
544 2178 563 2217 t
577 2186 605 2218 e
618 2184 642 2217 r
679 2185 708 2232 q
723 2185 752 2217 u
766 2183 817 2217 ae
843 2167 965 2216 Pius
1001 2165 1231 2216 Aurelius
1268 2171 1470 2215 senator
1489 2193 1551 2202 -
1576 2168 1837 2231 eroganda!
1853 2183 1942 2232 per
1959 2168 2175 2220 honesta.
2188 2186 2339 2237 pecu-

1230 2253 1323 2301 niae
1365 2253 1584 2318 cupiens.

537 2373 679 2422 Jnter
715 2390 792 2433 ea,
831 2388 940 2436 quae
974 2371 1021 2418 in
1070 2369 1149 2418 his
1188 2367 1396 2433 judiciis
1442 2370 1739 2435 agebantur,
1787 2371 1934 2421 etiam
1978 2373 2072 2423 hoc
2114 2375 2320 2436 accidit,
2360 2384 2410 2426 ut

396 2459 518 2508 Pius
555 2459 787 2506 Aurelius
825 2463 1025 2504 senator
1062 2460 1265 2518 questus
1312 2455 1444 2503 mole
1489 2456 1700 2519 publicae
1745 2457 1838 2505 viae
1885 2457 2126 2522 ductuque
2174 2477 2409 2524 aquarum

395 2545 666 2593 labefactas
705 2542 838 2590 aedes
876 2556 994 2589 suas
1032 2540 1266 2588 auxilium
1313 2548 1501 2605 patrum
1548 2541 1799 2589 invocaret
1845 2559 1885 2591 s.
1934 2560 2042 2592 cum
2087 2544 2188 2593 alia
2233 2546 2283 2593 in
2330 2543 2412 2594 his

394 2627 590 2692 judiciis
627 2628 917 2692 agebantur,
955 2630 1054 2672 tum
1092 2626 1186 2673 hoc
1223 2625 1272 2673 in
1311 2639 1475 2673 eorum
1526 2625 1691 2688 aliquo
1739 2628 1944 2686 accidit,
1993 2636 2047 2676 ut
2086 2629 2208 2678 Pius
2250 2630 2406 2686 Aure-

393 2716 489 2762 lius
535 2741 604 2748 —-
653 2709 887 2759 auxilium
939 2716 1128 2772 patrum
1186 2709 1441 2766 invocaret
1487 2709 1577 2772 (im
1628 2709 1784 2760 Lause
1834 2711 1998 2761 dieser
2054 2695 2410 2779 gerichtliclien

390 2799 831 2861 Verhaudlungen3
871 2796 950 2842 hei
987 2796 1123 2841 einer
1159 2796 1324 2842 dieser
1361 2795 1712 2857 gerichtlichen
1749 2798 2206 2861 Verhandluugen).

529 2898 734 2946 Verbisz
790 2898 986 2955 „inter
1034 2911 1159 2957 quae
1196 2922 1265 2930 —
1303 2895 1604 2958 cupieus“
1643 2898 1981 2944 confirmantur
2018 2913 2108 2955 ea,
2146 2911 2255 2960 quae
2292 2898 2405 2947 Ta·

388 2984 553 3033 citus
590 2989 735 3030 antea
774 2979 988 3027 dixerat:
1027 2979 1193 3040 „dum
1233 2979 1495 3028 veritati
1534 2980 1920 3040 consulitur,
1956 2979 2232 3031 libertas
2278 2983 2405 3033 cor·

385 3069 828 3134 rumpebatur.“
866 3065 1137 3115 Veritati
1175 3063 1506 3130 s.justitioe
1542 3065 2009 3116 consulebatur
2030 3064 2190 3131 pretio
2227 3067 2405 3118 aedium

381 3156 584 3205 Aurelio
631 3153 835 3210 tributo,
884 3152 975 3200 sed
1026 3150 1297 3200 libertas
1348 3155 1861 3217 corrumpebatur
1907 3155 2196 3214 praetoribus
2240 3154 2399 3202 aerarii

380 3240 443 3287 ad
482 3237 780 3302 erogandam
818 3237 940 3285 hanc
978 3234 1247 3301 pecuniam,
1287 3235 1556 3285 Caesare
1585 3237 1856 3302 judiciis
1894 3253 1961 3285 se
1996 3238 2400 3298 immiscente,

380 3325 638 3374 coactis.
