<?xml version="1.0" encoding="UTF-8"?>
<!DOCTYPE html PUBLIC "-//W3C//DTD XHTML 1.0 Transitional//EN"
    "http://www.w3.org/TR/xhtml1/DTD/xhtml1-transitional.dtd">
<html xmlns="http://www.w3.org/1999/xhtml" xml:lang="en" lang="en">
 <head>
  <title>
</title>
<meta http-equiv="Content-Type" content="text/html;charset=utf-8" />
  <meta name='ocr-system' content='tesseract 3.04.00' />
  <meta name='ocr-capabilities' content='ocr_page ocr_carea ocr_par ocr_line ocrx_word'/>
</head>
<body>
  <div class='ocr_page' id='page_1' title='image "4763771_0035.png"; bbox 0 0 2960 3806; ppageno 0'>
   <div class='ocr_carea' id='block_1_1' title="bbox 1379 298 1659 381">
    <p class='ocr_par' dir='ltr' id='par_1_1' title="bbox 1379 298 1659 381">
     <span class='ocr_line' id='line_1_1' title="bbox 1379 298 1659 381; baseline 0.004 -1"><span class='ocrx_word' id='word_1_1' title='bbox 1379 298 1659 381; x_wconf 65' lang='lat'>‹8²⁷8›</span> 
     </span>
    </p>
   </div>
   <div class='ocr_carea' id='block_1_2' title="bbox 507 448 2521 774">
    <p class='ocr_par' dir='ltr' id='par_1_2' title="bbox 507 448 2521 774">
     <span class='ocr_line' id='line_1_2' title="bbox 508 448 2518 518; baseline -0 -15"><span class='ocrx_word' id='word_1_2' title='bbox 508 468 634 503; x_wconf 38' lang='lat' dir='ltr'><strong>vero*</strong></span> <span class='ocrx_word' id='word_1_3' title='bbox 663 450 857 501; x_wconf 82' lang='lat' dir='ltr'><strong>itineris</strong></span> <span class='ocrx_word' id='word_1_4' title='bbox 893 450 1182 499; x_wconf 62' lang='lat' dir='ltr'><strong>difficultate</strong></span> <span class='ocrx_word' id='word_1_5' title='bbox 1228 448 1456 515; x_wconf 74' lang='lat' dir='ltr'><strong>signiferi</strong></span> <span class='ocrx_word' id='word_1_6' title='bbox 1490 450 1597 498; x_wconf 87' lang='lat' dir='ltr'><strong>suis</strong></span> <span class='ocrx_word' id='word_1_7' title='bbox 1645 448 1828 499; x_wconf 80' lang='lat' dir='ltr'><strong>demoti</strong></span> <span class='ocrx_word' id='word_1_8' title='bbox 1875 457 2047 500; x_wconf 81' lang='lat' dir='ltr'><strong>essent</strong></span> <span class='ocrx_word' id='word_1_9' title='bbox 2081 451 2228 511; x_wconf 81' lang='lat' dir='ltr'><strong>locis,</strong></span> <span class='ocrx_word' id='word_1_10' title='bbox 2261 452 2518 518; x_wconf 79' lang='lat' dir='ltr'><strong>signorum</strong></span> 
     </span>
     <span class='ocr_line' id='line_1_3' title="bbox 509 534 2521 599; baseline -0.001 -9"><span class='ocrx_word' id='word_1_11' title='bbox 509 541 632 590; x_wconf 76' lang='lat' dir='ltr'><strong>ordo</strong></span> <span class='ocrx_word' id='word_1_12' title='bbox 667 536 886 587; x_wconf 70' lang='lat' dir='ltr'><strong>incertus</strong></span> <span class='ocrx_word' id='word_1_13' title='bbox 921 541 1027 585; x_wconf 82' lang='lat' dir='ltr'><strong>erut</strong></span> <span class='ocrx_word' id='word_1_14' title='bbox 1059 535 1093 583; x_wconf 89' lang='lat' dir='ltr'><strong>i.</strong></span> <span class='ocrx_word' id='word_1_15' title='bbox 1143 551 1186 583; x_wconf 89' lang='lat' dir='ltr'><strong>e.</strong></span> <span class='ocrx_word' id='word_1_16' title='bbox 1221 534 1420 595; x_wconf 76' lang='lat' dir='ltr'><strong>milites,</strong></span> <span class='ocrx_word' id='word_1_17' title='bbox 1456 548 1566 599; x_wconf 72' lang='lat' dir='ltr'><strong>quae</strong></span> <span class='ocrx_word' id='word_1_18' title='bbox 1599 541 1946 599; x_wconf 69' lang='lat' dir='ltr'>sequerentur,</span> <span class='ocrx_word' id='word_1_19' title='bbox 1983 537 2091 598; x_wconf 76' lang='lat' dir='ltr'><strong>jam</strong></span> <span class='ocrx_word' id='word_1_20' title='bbox 2127 551 2229 584; x_wconf 92' lang='lat' dir='ltr'><strong>non</strong></span> <span class='ocrx_word' id='word_1_21' title='bbox 2273 536 2521 588; x_wconf 66' lang='lat' dir='ltr'><strong>habebant</strong></span> 
     </span>
     <span class='ocr_line' id='line_1_4' title="bbox 509 617 2515 690; baseline -0.001 -16"><span class='ocrx_word' id='word_1_22' title='bbox 509 626 674 690; x_wconf 85' lang='lat' dir='ltr'><strong>signa,</strong></span> <span class='ocrx_word' id='word_1_23' title='bbox 711 630 780 682; x_wconf 88' lang='lat' dir='ltr'><strong>et,</strong></span> <span class='ocrx_word' id='word_1_24' title='bbox 818 629 872 669; x_wconf 86' lang='lat' dir='ltr'><strong>ut</strong></span> <span class='ocrx_word' id='word_1_25' title='bbox 905 621 1021 669; x_wconf 89' lang='lat' dir='ltr'><strong>aliis</strong></span> <span class='ocrx_word' id='word_1_26' title='bbox 1056 621 1222 681; x_wconf 70' lang='lat' dir='ltr'><strong>rebuS‚</strong></span> <span class='ocrx_word' id='word_1_27' title='bbox 1260 622 1331 669; x_wconf 87' lang='lat' dir='ltr'><strong>ita</strong></span> <span class='ocrx_word' id='word_1_28' title='bbox 1364 619 1461 669; x_wconf 79' lang='lat' dir='ltr'><strong>hoe</strong></span> <span class='ocrx_word' id='word_1_29' title='bbox 1495 621 1686 669; x_wconf 81' lang='lat' dir='ltr'><strong>incerto</strong></span> <span class='ocrx_word' id='word_1_30' title='bbox 1722 617 1975 685; x_wconf 80' lang='lat' dir='ltr'><strong>signorum</strong></span> <span class='ocrx_word' id='word_1_31' title='bbox 2009 621 2181 671; x_wconf 80' lang='lat' dir='ltr'><strong>ordine</strong></span> <span class='ocrx_word' id='word_1_32' title='bbox 2214 623 2378 686; x_wconf 69' lang='lat' dir='ltr'><strong>mgis</strong></span> <span class='ocrx_word' id='word_1_33' title='bbox 2413 639 2515 672; x_wconf 86' lang='lat' dir='ltr'><strong>ma-</strong></span> 
     </span>
     <span class='ocr_line' id='line_1_5' title="bbox 507 707 1050 774; baseline -0.009 -15"><span class='ocrx_word' id='word_1_34' title='bbox 507 711 690 774; x_wconf 82' lang='lat' dir='ltr'><strong>gisque</strong></span> <span class='ocrx_word' id='word_1_35' title='bbox 723 707 1050 755; x_wconf 78' lang='lat' dir='ltr'><strong>turbabantur.</strong></span> 
     </span>
    </p>
   </div>
   <div class='ocr_carea' id='block_1_3' title="bbox 1005 844 2034 1012">
    <p class='ocr_par' dir='ltr' id='par_1_3' title="bbox 1005 844 2034 1012">
     <span class='ocr_line' id='line_1_6' title="bbox 1442 844 1603 905; baseline 0.012 -12"><span class='ocrx_word' id='word_1_36' title='bbox 1442 845 1481 905; x_wconf 91' lang='lat'><strong>1,</strong></span> <span class='ocrx_word' id='word_1_37' title='bbox 1519 844 1603 895; x_wconf 79' lang='lat'><strong>67.</strong></span> 
     </span>
     <span class='ocr_line' id='line_1_7' title="bbox 1005 944 2034 1012; baseline -0.002 -16"><span class='ocrx_word' id='word_1_38' title='bbox 1005 962 1114 1012; x_wconf 80' lang='lat' dir='ltr'><strong>quae</strong></span> <span class='ocrx_word' id='word_1_39' title='bbox 1149 944 1204 998; x_wconf 90' lang='lat' dir='ltr'><strong>in</strong></span> <span class='ocrx_word' id='word_1_40' title='bbox 1237 947 1422 1001; x_wconf 74' lang='lat' dir='ltr'><strong>castris</strong></span> <span class='ocrx_word' id='word_1_41' title='bbox 1464 945 1750 1009; x_wconf 85' lang='lat' dir='ltr'><strong>honesta,</strong></span> <span class='ocrx_word' id='word_1_42' title='bbox 1786 953 2034 999; x_wconf 85' lang='lat' dir='ltr'><strong>memorat.</strong></span> 
     </span>
    </p>
   </div>
   <div class='ocr_carea' id='block_1_4' title="bbox 514 1064 2521 1372">
    <p class='ocr_par' dir='ltr' id='par_1_4' title="bbox 514 1064 2521 1372">
     <span class='ocr_line' id='line_1_8' title="bbox 653 1064 2520 1131; baseline 0.002 -17"><span class='ocrx_word' id='word_1_43' title='bbox 653 1065 1005 1127; x_wconf 82' lang='lat' dir='ltr'><strong>„Honesta“</strong></span> <span class='ocrx_word' id='word_1_44' title='bbox 1042 1065 1343 1129; x_wconf 70' lang='lat' dir='ltr'><strong>piebem,</strong></span> <span class='ocrx_word' id='word_1_45' title='bbox 1388 1080 1538 1131; x_wconf 79' lang='lat' dir='ltr'><strong>quem</strong></span> <span class='ocrx_word' id='word_1_46' title='bbox 1571 1064 1658 1115; x_wconf 79' lang='lat' dir='ltr'><strong>alii</strong></span> <span class='ocrx_word' id='word_1_47' title='bbox 1705 1072 1994 1130; x_wconf 85' lang='lat' dir='ltr'><strong>sequuntur,</strong></span> <span class='ocrx_word' id='word_1_48' title='bbox 2048 1074 2182 1116; x_wconf 87' lang='lat' dir='ltr'><strong>recte</strong></span> <span class='ocrx_word' id='word_1_49' title='bbox 2234 1068 2351 1117; x_wconf 83' lang='lat' dir='ltr'><strong>dicit</strong></span> <span class='ocrx_word' id='word_1_50' title='bbox 2402 1080 2520 1117; x_wconf 86' lang='lat' dir='ltr'><strong>esse</strong></span> 
     </span>
     <span class='ocr_line' id='line_1_9' title="bbox 514 1136 2517 1218; baseline -0 -16"><span class='ocrx_word' id='word_1_51' title='bbox 514 1152 713 1213; x_wconf 84' lang='lat' dir='ltr'><strong>„dona</strong></span> <span class='ocrx_word' id='word_1_52' title='bbox 770 1150 1135 1202; x_wconf 78' lang='lat' dir='ltr'><strong>honorifica</strong></span> <span class='ocrx_word' id='word_1_53' title='bbox 1187 1165 1286 1199; x_wconf 89' lang='lat' dir='ltr'><strong>non</strong></span> <span class='ocrx_word' id='word_1_54' title='bbox 1339 1153 1440 1200; x_wconf 70' lang='lat' dir='ltr'><strong>tam</strong></span> <span class='ocrx_word' id='word_1_55' title='bbox 1481 1142 1543 1199; x_wconf 65' lang='lat' dir='ltr'><strong>⁴in</strong></span> <span class='ocrx_word' id='word_1_56' title='bbox 1609 1148 1792 1200; x_wconf 82' lang='lat' dir='ltr'><strong>eastris</strong></span> <span class='ocrx_word' id='word_1_57' title='bbox 1859 1136 2111 1216; x_wconf 81' lang='lat' dir='ltr'><strong>reposita,</strong></span> <span class='ocrx_word' id='word_1_58' title='bbox 2171 1168 2315 1218; x_wconf 87' lang='lat' dir='ltr'><strong>quam</strong></span> <span class='ocrx_word' id='word_1_59' title='bbox 2359 1153 2517 1202; x_wconf 84' lang='lat' dir='ltr'><strong>adhuc</strong></span> 
     </span>
     <span class='ocr_line' id='line_1_10' title="bbox 514 1232 2521 1303; baseline 0 -17"><span class='ocrx_word' id='word_1_60' title='bbox 514 1236 801 1287; x_wconf 86' lang='lat' dir='ltr'><strong>merenda.“</strong></span> <span class='ocrx_word' id='word_1_61' title='bbox 836 1235 1033 1289; x_wconf 78' lang='lat' dir='ltr'><strong>Addere</strong></span> <span class='ocrx_word' id='word_1_62' title='bbox 1069 1232 1268 1301; x_wconf 81' lang='lat' dir='ltr'><strong>possis:</strong></span> <span class='ocrx_word' id='word_1_63' title='bbox 1302 1236 1613 1298; x_wconf 84' lang='lat' dir='ltr'><strong>„laudem,</strong></span> <span class='ocrx_word' id='word_1_64' title='bbox 1651 1236 1844 1286; x_wconf 84' lang='lat' dir='ltr'><strong>virtutis</strong></span> <span class='ocrx_word' id='word_1_65' title='bbox 1878 1238 2127 1298; x_wconf 82' lang='lat' dir='ltr'><strong>comitem,</strong></span> <span class='ocrx_word' id='word_1_66' title='bbox 2165 1253 2310 1303; x_wconf 91' lang='lat' dir='ltr'><strong>quam</strong></span> <span class='ocrx_word' id='word_1_67' title='bbox 2350 1237 2403 1287; x_wconf 91' lang='lat' dir='ltr'><strong>in</strong></span> <span class='ocrx_word' id='word_1_68' title='bbox 2440 1253 2521 1286; x_wconf 88' lang='lat' dir='ltr'><strong>ca·</strong></span> 
     </span>
     <span class='ocr_line' id='line_1_11' title="bbox 518 1319 1481 1372; baseline 0 0"><span class='ocrx_word' id='word_1_69' title='bbox 518 1323 635 1372; x_wconf 84' lang='lat' dir='ltr'><strong>stris</strong></span> <span class='ocrx_word' id='word_1_70' title='bbox 669 1339 702 1370; x_wconf 91' lang='lat' dir='ltr'><strong>a</strong></span> <span class='ocrx_word' id='word_1_71' title='bbox 737 1319 942 1370; x_wconf 83' lang='lat' dir='ltr'><strong>ducibus</strong></span> <span class='ocrx_word' id='word_1_72' title='bbox 979 1320 1293 1371; x_wconf 84' lang='lat' dir='ltr'>consecuturi</span> <span class='ocrx_word' id='word_1_73' title='bbox 1328 1323 1481 1372; x_wconf 81' lang='lat' dir='ltr'><strong>sint.“</strong></span> 
     </span>
    </p>
   </div>
   <div class='ocr_carea' id='block_1_5' title="bbox 1374 1460 1607 1522">
    <p class='ocr_par' dir='ltr' id='par_1_5' title="bbox 1374 1460 1607 1522">
     <span class='ocr_line' id='line_1_12' title="bbox 1374 1460 1607 1522; baseline 0 -11"><span class='ocrx_word' id='word_1_74' title='bbox 1374 1460 1607 1522; x_wconf 75' lang='grc'><strong>’1,69.</strong></span> 
     </span>
    </p>
   </div>
   <div class='ocr_carea' id='block_1_6' title="bbox 970 1560 2070 1628">
    <p class='ocr_par' dir='ltr' id='par_1_6' title="bbox 970 1560 2070 1628">
     <span class='ocr_line' id='line_1_13' title="bbox 970 1560 2070 1628; baseline 0.002 -18"><span class='ocrx_word' id='word_1_75' title='bbox 970 1562 1272 1612; x_wconf 81' lang='lat' dir='ltr'><strong>acoendebat</strong></span> <span class='ocrx_word' id='word_1_76' title='bbox 1306 1562 1434 1610; x_wconf 79' lang='lat' dir='ltr'><strong>haee</strong></span> <span class='ocrx_word' id='word_1_77' title='bbox 1470 1564 1801 1628; x_wconf 81' lang='lat' dir='ltr'><strong>onerabatque</strong></span> <span class='ocrx_word' id='word_1_78' title='bbox 1839 1560 2070 1626; x_wconf 87' lang='lat' dir='ltr'><strong>Sejanus.</strong></span> 
     </span>
    </p>
   </div>
   <div class='ocr_carea' id='block_1_7' title="bbox 520 1678 2526 1908">
    <p class='ocr_par' dir='ltr' id='par_1_7' title="bbox 520 1678 2526 1908">
     <span class='ocr_line' id='line_1_14' title="bbox 659 1678 2526 1745; baseline -0.002 -15"><span class='ocrx_word' id='word_1_79' title='bbox 659 1680 805 1737; x_wconf 71' lang='lat' dir='ltr'><strong>Haec</strong></span> <span class='ocrx_word' id='word_1_80' title='bbox 839 1707 899 1730; x_wconf 88' lang='lat'><strong>-.=</strong></span> <span class='ocrx_word' id='word_1_81' title='bbox 933 1681 1079 1741; x_wconf 82' lang='lat' dir='ltr'><strong>hanc,</strong></span> <span class='ocrx_word' id='word_1_82' title='bbox 1117 1696 1262 1745; x_wconf 89' lang='lat' dir='ltr'><strong>quam</strong></span> <span class='ocrx_word' id='word_1_83' title='bbox 1296 1681 1473 1732; x_wconf 65' lang='lat' dir='ltr'><strong>verbm</strong></span> <span class='ocrx_word' id='word_1_84' title='bbox 1521 1695 1653 1741; x_wconf 89' lang='lat' dir='ltr'><strong>„non</strong></span> <span class='ocrx_word' id='word_1_85' title='bbox 1689 1679 1817 1730; x_wconf 87' lang='lat' dir='ltr'><strong>enim</strong></span> <span class='ocrx_word' id='word_1_86' title='bbox 1852 1678 2106 1744; x_wconf 84' lang='lat' dir='ltr'><strong>simplices</strong></span> <span class='ocrx_word' id='word_1_87' title='bbox 2152 1694 2241 1728; x_wconf 81' lang='lat' dir='ltr'><strong>eas</strong></span> <span class='ocrx_word' id='word_1_88' title='bbox 2277 1694 2421 1733; x_wconf 84' lang='lat' dir='ltr'><strong>curas</strong></span> <span class='ocrx_word' id='word_1_89' title='bbox 2456 1706 2526 1715; x_wconf 92' lang='lat'><em>-</em></span> 
     </span>
     <span class='ocr_line' id='line_1_15' title="bbox 520 1761 2524 1831; baseline -0.002 -13"><span class='ocrx_word' id='word_1_90' title='bbox 520 1766 600 1818; x_wconf 83' lang='lat' dir='ltr'><strong>eui</strong></span> <span class='ocrx_word' id='word_1_91' title='bbox 642 1781 821 1817; x_wconf 89' lang='lat' dir='ltr'><strong>nomen</strong></span> <span class='ocrx_word' id='word_1_92' title='bbox 864 1766 1101 1830; x_wconf 82' lang='lat' dir='ltr'><strong>principis</strong></span> <span class='ocrx_word' id='word_1_93' title='bbox 1145 1765 1393 1816; x_wconf 85' lang='lat' dir='ltr'><strong>obsistere</strong></span> <span class='ocrx_word' id='word_1_94' title='bbox 1448 1782 1549 1816; x_wconf 91' lang='lat' dir='ltr'><strong>non</strong></span> <span class='ocrx_word' id='word_1_95' title='bbox 1569 1808 1571 1810; x_wconf 96' lang='lat'>.</span> <span class='ocrx_word' id='word_1_96' title='bbox 1594 1764 1843 1831; x_wconf 85' lang='lat' dir='ltr'><strong>quiverit“</strong></span> <span class='ocrx_word' id='word_1_97' title='bbox 1878 1792 1959 1815; x_wconf 73' lang='grc'><strong>,-</strong></span> <span class='ocrx_word' id='word_1_98' title='bbox 2006 1763 2298 1830; x_wconf 82' lang='lat' dir='ltr'><strong>depingunt,</strong></span> <span class='ocrx_word' id='word_1_99' title='bbox 2337 1761 2524 1813; x_wconf 79' lang='lat' dir='ltr'><strong>&#39;riberii</strong></span> 
     </span>
     <span class='ocr_line' id='line_1_16' title="bbox 520 1843 1909 1908; baseline -0.003 -5"><span class='ocrx_word' id='word_1_100' title='bbox 520 1851 755 1903; x_wconf 82' lang='lat' dir='ltr'><strong>invidiam</strong></span> <span class='ocrx_word' id='word_1_101' title='bbox 789 1865 852 1900; x_wconf 81' lang='lat' dir='ltr'><strong>ac</strong></span> <span class='ocrx_word' id='word_1_102' title='bbox 887 1849 1217 1908; x_wconf 78' lang='lat' dir='ltr'><strong>diffidentiam.</strong></span> <span class='ocrx_word' id='word_1_103' title='bbox 1905 1843 1909 1847; x_wconf 63' lang='grc'><strong>’</strong></span> 
     </span>
    </p>
   </div>
   <div class='ocr_carea' id='block_1_8' title="bbox 1363 1962 1606 2066">
    <p class='ocr_par' dir='ltr' id='par_1_8' title="bbox 1363 1962 1606 2066">
     <span class='ocr_line' id='line_1_17' title="bbox 1363 1962 1606 2066; baseline -0.004 -24"><span class='ocrx_word' id='word_1_104' title='bbox 1363 2052 1367 2066; x_wconf 24' lang='lat'><em>5</em></span> <span class='ocrx_word' id='word_1_105' title='bbox 1410 1962 1606 2057; x_wconf 66' lang='lat'>.1&#39;‚.⁷&#39;⁰·&#39;</span> 
     </span>
    </p>
   </div>
   <div class='ocr_carea' id='block_1_9' title="bbox 698 2089 2349 2155">
    <p class='ocr_par' dir='ltr' id='par_1_9' title="bbox 698 2089 2349 2155">
     <span class='ocr_line' id='line_1_18' title="bbox 698 2089 2349 2155; baseline -0.001 -17"><span class='ocrx_word' id='word_1_106' title='bbox 698 2108 798 2155; x_wconf 66' lang='lat' dir='ltr'><strong>nou</strong></span> <span class='ocrx_word' id='word_1_107' title='bbox 834 2108 934 2139; x_wconf 85' lang='lat' dir='ltr'><strong>vox</strong></span> <span class='ocrx_word' id='word_1_108' title='bbox 970 2103 1021 2139; x_wconf 85' lang='lat' dir='ltr'><strong>et</strong></span> <span class='ocrx_word' id='word_1_109' title='bbox 1055 2093 1207 2139; x_wconf 84' lang='lat' dir='ltr'><strong>mutui</strong></span> <span class='ocrx_word' id='word_1_110' title='bbox 1233 2094 1462 2144; x_wconf 76' lang='lat' dir='ltr'><strong>hortatus</strong></span> <span class='ocrx_word' id='word_1_111' title='bbox 1489 2093 1730 2155; x_wconf 77' lang='lat' dir='ltr'><strong>juvabant</strong></span> <span class='ocrx_word' id='word_1_112' title='bbox 1764 2091 2145 2139; x_wconf 84' lang='lat' dir='ltr'><strong>adversante</strong></span> <span class='ocrx_word' id='word_1_113' title='bbox 2181 2089 2349 2138; x_wconf 84' lang='lat' dir='ltr'><strong>unda.</strong></span> 
     </span>
    </p>
   </div>
   <div class='ocr_carea' id='block_1_10' title="bbox 521 2205 2530 2531">
    <p class='ocr_par' dir='ltr' id='par_1_10' title="bbox 521 2205 2530 2531">
     <span class='ocr_line' id='line_1_19' title="bbox 664 2205 2524 2273; baseline -0.001 -16"><span class='ocrx_word' id='word_1_114' title='bbox 664 2208 766 2257; x_wconf 88' lang='lat' dir='ltr'><strong>Aut</strong></span> <span class='ocrx_word' id='word_1_115' title='bbox 818 2207 887 2256; x_wconf 87' lang='lat' dir='ltr'><strong>ita</strong></span> <span class='ocrx_word' id='word_1_116' title='bbox 940 2205 1335 2273; x_wconf 79' lang='lat' dir='ltr'><strong>intelligendum:</strong></span> <span class='ocrx_word' id='word_1_117' title='bbox 1381 2222 1574 2271; x_wconf 77' lang='lat' dir='ltr'><strong>„voees</strong></span> <span class='ocrx_word' id='word_1_118' title='bbox 1597 2221 1607 2225; x_wconf 84' lang='lat'><strong>··</strong></span> <span class='ocrx_word' id='word_1_119' title='bbox 1623 2208 1914 2259; x_wconf 81' lang='lat' dir='ltr'><strong>hortantium</strong></span> <span class='ocrx_word' id='word_1_120' title='bbox 1958 2206 2114 2256; x_wconf 86' lang='lat' dir='ltr'><strong>audiri</strong></span> <span class='ocrx_word' id='word_1_121' title='bbox 2158 2220 2259 2256; x_wconf 91' lang='lat' dir='ltr'><strong>non</strong></span> <span class='ocrx_word' id='word_1_122' title='bbox 2298 2212 2524 2271; x_wconf 83' lang='lat' dir='ltr'><strong>poterant</strong></span> 
     </span>
     <span class='ocr_line' id='line_1_20' title="bbox 523 2291 2525 2359; baseline -0.002 -16"><span class='ocrx_word' id='word_1_123' title='bbox 523 2310 647 2359; x_wconf 82' lang='lat' dir='ltr'><strong>prae</strong></span> <span class='ocrx_word' id='word_1_124' title='bbox 701 2294 976 2358; x_wconf 86' lang='lat' dir='ltr'><strong>strepitu</strong></span> <span class='ocrx_word' id='word_1_125' title='bbox 1023 2293 1388 2354; x_wconf 44' lang='lat' dir='ltr'><strong>‚undarumf‘</strong></span> <span class='ocrx_word' id='word_1_126' title='bbox 1440 2302 1547 2344; x_wconf 84' lang='lat' dir='ltr'><strong>aut:</strong></span> <span class='ocrx_word' id='word_1_127' title='bbox 1593 2293 1938 2356; x_wconf 86' lang='lat' dir='ltr'><strong>„violentia</strong></span> <span class='ocrx_word' id='word_1_128' title='bbox 1986 2292 2220 2341; x_wconf 86' lang='lat' dir='ltr'><strong>undarum</strong></span> <span class='ocrx_word' id='word_1_129' title='bbox 2253 2291 2525 2356; x_wconf 81' lang='lat' dir='ltr'><strong>impedivit,</strong></span> 
     </span>
     <span class='ocr_line' id='line_1_21' title="bbox 521 2377 2530 2451; baseline -0.002 -23"><span class='ocrx_word' id='word_1_130' title='bbox 521 2395 624 2444; x_wconf 85' lang='lat' dir='ltr'><strong>quo</strong></span> <span class='ocrx_word' id='word_1_131' title='bbox 659 2378 819 2428; x_wconf 87' lang='lat' dir='ltr'><strong>minus</strong></span> <span class='ocrx_word' id='word_1_132' title='bbox 854 2377 1032 2427; x_wconf 82' lang='lat' dir='ltr'><strong>milites</strong></span> <span class='ocrx_word' id='word_1_133' title='bbox 1070 2378 1362 2429; x_wconf 86' lang='lat' dir='ltr'><strong>hortantium</strong></span> <span class='ocrx_word' id='word_1_134' title='bbox 1397 2379 1625 2430; x_wconf 84' lang='lat' dir='ltr'><strong>consiliis</strong></span> <span class='ocrx_word' id='word_1_135' title='bbox 1661 2381 1731 2428; x_wconf 86' lang='lat' dir='ltr'><strong>uti</strong></span> <span class='ocrx_word' id='word_1_136' title='bbox 1764 2383 2024 2444; x_wconf 85' lang='lat' dir='ltr'><strong>possent.“</strong></span> <span class='ocrx_word' id='word_1_137' title='bbox 2071 2378 2313 2451; x_wconf 68' lang='lat' dir='ltr'><strong>Fortasse</strong></span> <span class='ocrx_word' id='word_1_138' title='bbox 2350 2383 2530 2425; x_wconf 85' lang='lat' dir='ltr'><strong>utram-</strong></span> 
     </span>
     <span class='ocr_line' id='line_1_22' title="bbox 529 2463 2447 2531; baseline -0.001 -18"><span class='ocrx_word' id='word_1_139' title='bbox 529 2482 624 2531; x_wconf 87' lang='lat' dir='ltr'><strong>que</strong></span> <span class='ocrx_word' id='word_1_140' title='bbox 660 2465 787 2514; x_wconf 83' lang='lat' dir='ltr'><strong>hanc</strong></span> <span class='ocrx_word' id='word_1_141' title='bbox 821 2465 1118 2514; x_wconf 80' lang='lat' dir='ltr'><strong>sententiam</strong></span> <span class='ocrx_word' id='word_1_142' title='bbox 1155 2466 1305 2514; x_wconf 79' lang='lat' dir='ltr'><strong>verba</strong></span> <span class='ocrx_word' id='word_1_143' title='bbox 1339 2463 1428 2515; x_wconf 83' lang='lat' dir='ltr'><strong>illa</strong></span> <span class='ocrx_word' id='word_1_144' title='bbox 1463 2463 1864 2530; x_wconf 78' lang='lat' dir='ltr'><strong>complectuntur.¹</strong></span> <span class='ocrx_word' id='word_1_145' title='bbox 2000 2469 2005 2473; x_wconf 83' lang='lat'><strong><em>‘</em></strong></span> <span class='ocrx_word' id='word_1_146' title='bbox 2206 2474 2209 2477; x_wconf 82' lang='grc'><strong>“</strong></span> <span class='ocrx_word' id='word_1_147' title='bbox 2444 2466 2447 2468; x_wconf 81' lang='grc'><strong>’</strong></span> 
     </span>
    </p>
   </div>
   <div class='ocr_carea' id='block_1_11' title="bbox 582 2603 2467 2789">
    <p class='ocr_par' dir='ltr' id='par_1_11' title="bbox 582 2603 2467 2789">
     <span class='ocr_line' id='line_1_23' title="bbox 1453 2603 1617 2668; baseline -0.037 -6"><span class='ocrx_word' id='word_1_148' title='bbox 1453 2603 1493 2668; x_wconf 90' lang='lat'><strong>1,</strong></span> <span class='ocrx_word' id='word_1_149' title='bbox 1531 2604 1617 2657; x_wconf 83' lang='grc'><strong>73.</strong></span> 
     </span>
     <span class='ocr_line' id='line_1_24' title="bbox 582 2682 2467 2789; baseline -0.001 -35"><span class='ocrx_word' id='word_1_150' title='bbox 582 2706 657 2789; x_wconf 29' lang='lat' dir='ltr'><strong>..in-c</strong></span> <span class='ocrx_word' id='word_1_151' title='bbox 670 2704 895 2782; x_wconf 27' lang='lat' dir='ltr'><strong>&#39;Falanio</strong></span> <span class='ocrx_word' id='word_1_152' title='bbox 934 2710 982 2753; x_wconf 85' lang='lat' dir='ltr'><strong>et</strong></span> <span class='ocrx_word' id='word_1_153' title='bbox 1017 2689 1225 2768; x_wconf 76' lang='lat' dir='ltr'><strong>Rubrio,</strong></span> <span class='ocrx_word' id='word_1_154' title='bbox 1262 2687 1472 2758; x_wconf 81' lang='lat' dir='ltr'><strong>modicis</strong></span> <span class='ocrx_word' id='word_1_155' title='bbox 1510 2682 1755 2774; x_wconf 82' lang='lat' dir='ltr'><strong>equitibus</strong></span> <span class='ocrx_word' id='word_1_156' title='bbox 1785 2706 2060 2775; x_wconf 68' lang='lat' dir='ltr'><strong>⁷RomaniS,</strong></span> <span class='ocrx_word' id='word_1_157' title='bbox 2097 2708 2467 2771; x_wconf 77' lang='lat' dir='ltr'><strong>praetentata</strong></span> 
     </span>
    </p>
   </div>
   <div class='ocr_carea' id='block_1_12' title="bbox 1428 2811 1645 2869">
    <p class='ocr_par' dir='ltr' id='par_1_12' title="bbox 1428 2811 1645 2869">
     <span class='ocr_line' id='line_1_25' title="bbox 1428 2811 1645 2869; baseline 0.005 -12"><span class='ocrx_word' id='word_1_158' title='bbox 1428 2811 1645 2869; x_wconf 83' lang='lat' dir='ltr'><strong>crimina.</strong></span> 
     </span>
    </p>
   </div>
   <div class='ocr_carea' id='block_1_13' title="bbox 532 2917 2546 3421">
    <p class='ocr_par' dir='ltr' id='par_1_13' title="bbox 532 2917 2541 3244">
     <span class='ocr_line' id='line_1_26' title="bbox 678 2917 2535 2991; baseline -0.005 -18"><span class='ocrx_word' id='word_1_159' title='bbox 678 2923 899 2974; x_wconf 80' lang='lat' dir='ltr'><strong>Crimina</strong></span> <span class='ocrx_word' id='word_1_160' title='bbox 952 2923 1085 2973; x_wconf 75' lang='lat' dir='ltr'><strong>laesae</strong></span> <span class='ocrx_word' id='word_1_161' title='bbox 1130 2925 1408 2989; x_wconf 72' lang='lat' dir='ltr'><strong>majestatis</strong></span> <span class='ocrx_word' id='word_1_162' title='bbox 1451 2926 1707 2991; x_wconf 87' lang='lat' dir='ltr'><strong>primum</strong></span> <span class='ocrx_word' id='word_1_163' title='bbox 1758 2934 1945 2977; x_wconf 85' lang='lat' dir='ltr'><strong>tentata</strong></span> <span class='ocrx_word' id='word_1_164' title='bbox 1989 2931 2105 2975; x_wconf 84' lang='lat' dir='ltr'><strong>sunt</strong></span> <span class='ocrx_word' id='word_1_165' title='bbox 2145 2923 2195 2971; x_wconf 92' lang='lat' dir='ltr'><strong>in</strong></span> <span class='ocrx_word' id='word_1_166' title='bbox 2237 2917 2440 2970; x_wconf 83' lang='lat' dir='ltr'><strong>Falanio</strong></span> <span class='ocrx_word' id='word_1_167' title='bbox 2487 2924 2535 2965; x_wconf 85' lang='lat' dir='ltr'><strong>et</strong></span> 
     </span>
     <span class='ocr_line' id='line_1_27' title="bbox 533 2997 2535 3080; baseline 0 -23"><span class='ocrx_word' id='word_1_168' title='bbox 533 3005 741 3068; x_wconf 77' lang='lat' dir='ltr'><strong>Rubrio,</strong></span> <span class='ocrx_word' id='word_1_169' title='bbox 776 3008 1048 3060; x_wconf 84' lang='lat' dir='ltr'><strong>modicis</strong></span> <span class='ocrx_word' id='word_1_170' title='bbox 1083 2997 1355 3075; x_wconf 41' lang='lat' dir='ltr'><strong>equitibus‚&#39;</strong></span> <span class='ocrx_word' id='word_1_171' title='bbox 1391 3015 1459 3074; x_wconf 88' lang='lat' dir='ltr'><strong>u&#39;t,</strong></span> <span class='ocrx_word' id='word_1_172' title='bbox 1496 3013 1695 3079; x_wconf 86' lang='lat' dir='ltr'><strong>primo</strong></span> <span class='ocrx_word' id='word_1_173' title='bbox 1739 3013 1837 3063; x_wconf 83' lang='lat' dir='ltr'><strong>hoe</strong></span> <span class='ocrx_word' id='word_1_174' title='bbox 1879 3010 2098 3080; x_wconf 71' lang='lat' dir='ltr'><strong>periculo</strong></span> <span class='ocrx_word' id='word_1_175' title='bbox 2143 3008 2283 3057; x_wconf 87' lang='lat' dir='ltr'><strong>sine</strong></span> <span class='ocrx_word' id='word_1_176' title='bbox 2333 3000 2535 3057; x_wconf 69' lang='lat' dir='ltr'><strong>ossen-</strong></span> 
     </span>
     <span class='ocr_line' id='line_1_28' title="bbox 532 3087 2541 3165; baseline -0.003 -24"><span class='ocrx_word' id='word_1_177' title='bbox 532 3092 676 3142; x_wconf 83' lang='lat' dir='ltr'><strong>sione</strong></span> <span class='ocrx_word' id='word_1_178' title='bbox 712 3093 864 3156; x_wconf 81' lang='lat' dir='ltr'><strong>facto,</strong></span> <span class='ocrx_word' id='word_1_179' title='bbox 902 3094 994 3143; x_wconf 92' lang='lat' dir='ltr'><strong>viri</strong></span> <span class='ocrx_word' id='word_1_180' title='bbox 1031 3094 1270 3161; x_wconf 83' lang='lat' dir='ltr'><strong>dignitate</strong></span> <span class='ocrx_word' id='word_1_181' title='bbox 1306 3103 1356 3147; x_wconf 87' lang='lat' dir='ltr'><strong>et</strong></span> <span class='ocrx_word' id='word_1_182' title='bbox 1384 3090 1683 3149; x_wconf 72' lang='lat' dir='ltr'><strong>auctoritate</strong></span> <span class='ocrx_word' id='word_1_183' title='bbox 1701 3099 1897 3165; x_wconf 87' lang='lat' dir='ltr'><strong>magis</strong></span> <span class='ocrx_word' id='word_1_184' title='bbox 1930 3091 2247 3162; x_wconf 76' lang='lat' dir='ltr'><strong>conspicui</strong></span> <span class='ocrx_word' id='word_1_185' title='bbox 2280 3090 2330 3138; x_wconf 88' lang='lat' dir='ltr'><strong>in</strong></span> <span class='ocrx_word' id='word_1_186' title='bbox 2365 3087 2541 3136; x_wconf 64' lang='lat' dir='ltr'><strong>eedem</strong></span> 
     </span>
     <span class='ocr_line' id='line_1_29' title="bbox 540 3176 1202 3244; baseline 0.006 -16"><span class='ocrx_word' id='word_1_187' title='bbox 540 3176 740 3229; x_wconf 68' lang='lat' dir='ltr'><strong>crimina</strong></span> <span class='ocrx_word' id='word_1_188' title='bbox 774 3186 982 3244; x_wconf 79' lang='lat' dir='ltr'><strong>possent</strong></span> <span class='ocrx_word' id='word_1_189' title='bbox 1017 3181 1202 3232; x_wconf 84' lang='lat' dir='ltr'><strong>vocari.</strong></span> 
     </span>
    </p>

    <p class='ocr_par' dir='ltr' id='par_1_14' title="bbox 544 3257 2546 3421">
     <span class='ocr_line' id='line_1_30' title="bbox 676 3257 2545 3334; baseline -0.004 -21"><span class='ocrx_word' id='word_1_190' title='bbox 676 3262 827 3314; x_wconf 76' lang='lat' dir='ltr'><strong>Errat</strong></span> <span class='ocrx_word' id='word_1_191' title='bbox 843 3265 933 3316; x_wconf 85' lang='grc' dir='ltr'><strong>Βό</strong></span> <span class='ocrx_word' id='word_1_192' title='bbox 947 3265 1027 3316; x_wconf 87' lang='lat' dir='ltr'><strong>tti</strong></span> <span class='ocrx_word' id='word_1_193' title='bbox 1042 3266 1100 3315; x_wconf 83' lang='lat' dir='ltr'><strong>ch</strong></span> <span class='ocrx_word' id='word_1_194' title='bbox 1116 3284 1271 3329; x_wconf 83' lang='lat' dir='ltr'><strong>erus,</strong></span> <span class='ocrx_word' id='word_1_195' title='bbox 1309 3268 1393 3333; x_wconf 89' lang='lat' dir='ltr'><strong>qui</strong></span> <span class='ocrx_word' id='word_1_196' title='bbox 1428 3269 1480 3319; x_wconf 88' lang='lat' dir='ltr'><strong>in</strong></span> <span class='ocrx_word' id='word_1_197' title='bbox 1498 3269 1694 3321; x_wconf 75' lang='lat' dir='ltr'><strong>Lexico</strong></span> <span class='ocrx_word' id='word_1_198' title='bbox 1713 3269 1927 3320; x_wconf 76' lang='lat' dir='ltr'><strong>Taciteo</strong></span> <span class='ocrx_word' id='word_1_199' title='bbox 1947 3261 2391 3334; x_wconf 73' lang='lat' dir='ltr'><strong>‚‚praetentare“</strong></span> <span class='ocrx_word' id='word_1_200' title='bbox 2427 3257 2545 3307; x_wconf 78' lang='lat' dir='ltr'><strong>dicit</strong></span> 
     </span>
     <span class='ocr_line' id='line_1_31' title="bbox 544 3344 2546 3421; baseline -0.003 -22"><span class='ocrx_word' id='word_1_201' title='bbox 544 3348 828 3416; x_wconf 78' lang='lat' dir='ltr'><strong>significare</strong></span> <span class='ocrx_word' id='word_1_202' title='bbox 863 3350 909 3400; x_wconf 86' lang='lat' dir='ltr'><strong>h.</strong></span> <span class='ocrx_word' id='word_1_203' title='bbox 945 3352 976 3401; x_wconf 90' lang='lat' dir='ltr'><strong>l.</strong></span> <span class='ocrx_word' id='word_1_204' title='bbox 1012 3351 1047 3402; x_wconf 89' lang='lat' dir='ltr'><strong>i.</strong></span> <span class='ocrx_word' id='word_1_205' title='bbox 1087 3371 1133 3419; x_wconf 85' lang='lat' dir='ltr'><strong>q.</strong></span> <span class='ocrx_word' id='word_1_206' title='bbox 1183 3370 1213 3403; x_wconf 95' lang='lat' dir='ltr'><strong>o</strong></span> <span class='ocrx_word' id='word_1_207' title='bbox 1227 3355 1366 3404; x_wconf 81' lang='lat' dir='ltr'><strong>bten</strong></span> <span class='ocrx_word' id='word_1_208' title='bbox 1381 3354 1413 3403; x_wconf 84' lang='lat' dir='ltr'>d</span> <span class='ocrx_word' id='word_1_209' title='bbox 1427 3369 1530 3405; x_wconf 87' lang='lat' dir='ltr'><strong>ere</strong></span> <span class='ocrx_word' id='word_1_210' title='bbox 1568 3357 1634 3420; x_wconf 80' lang='lat' dir='ltr'><strong>(S.</strong></span> <span class='ocrx_word' id='word_1_211' title='bbox 1681 3354 2008 3421; x_wconf 59' lang='lat' dir='ltr'><strong>praetendere,</strong></span> <span class='ocrx_word' id='word_1_212' title='bbox 2045 3344 2261 3400; x_wconf 80' lang='lat' dir='ltr'><strong>obtentui</strong></span> <span class='ocrx_word' id='word_1_213' title='bbox 2313 3345 2546 3405; x_wconf 82' lang='lat' dir='ltr'><strong>sumere).</strong></span> 
     </span>
    </p>
   </div>
  </div>
 </body>
</html>
