2960 3806
1255 364 1533 433 <313g5

390 500 572 566 ferri,
612 513 675 554 ut
711 502 773 554 id
812 506 1035 554 saltem
1072 504 1463 554 discerneret
1499 503 1826 554 cobortes“
1856 504 2198 554 Germanicum
2235 506 2391 572 respi-

394 607 504 637 cere
542 597 590 638 et
626 593 923 655 exprobrare
961 590 1364 637 centuriones
1402 591 1660 637 occisos
1697 598 1781 637 aut
1818 598 2104 651 exactos,
2145 599 2210 650 et,
2252 607 2395 656 quum

394 674 443 721 bi
479 690 621 723 suum
658 677 863 740 quisque
902 674 1121 723 ordinem
1157 675 1336 723 ducere
1383 693 1484 725 non
1529 668 1763 739 possent,
1801 676 1984 724 vexilla
2031 678 2248 739 praeferri
2285 681 2396 739 jus-

398 762 545 821 sisse,
584 762 680 810 boe
716 761 779 809 iis
814 762 940 826 ipsis
976 751 1233 828 repugnat,
1272 777 1379 826 quae
1414 761 1545 810 idem
1581 763 1727 824 paulo
1775 767 1889 808 ante
1944 761 2007 808 ad
2042 762 2215 809 vei-bat
2263 764 2398 822 „sic

394 847 625 894 melius
671 846 997 911 audit-uros
1044 850 1448 912 responsum“
1494 848 1785 894 illustranda
1832 846 2055 894 dixerat:
2104 848 2396 905 „Germani-

397 948 533 993 cum,
583 933 665 997 qui
711 932 889 982 fuisset
937 931 1337 995 clementior,
1387 948 1449 983 eo
1494 916 1760 999 mitigari
1807 933 2088 982 turbidos
2141 930 2399 981 militum

395 1020 634 1067 animos
671 1025 890 1083 putasse,
929 1021 973 1067 si
1009 1021 1361 1085 significasset,
1399 1036 1456 1067 se
1493 1035 1589 1067 non
1626 1020 1852 1068 incusare
1888 1020 2170 1082 praesentia,
2209 1019 2299 1066 sed
2334 1019 2397 1066 ad

396 1104 623 1166 querelas
660 1120 822 1152 eorum
860 1120 1155 1168 responsum
1193 1105 1309 1154 dare
1339 1105 1525 1153 velle“.
1576 1105 1896 1152 Germanicus
1928 1105 2134 1168 primum
2163 1103 2400 1167 („Ads÷-

396 1195 660 1237 stentem
696 1188 1044 1238 concionem
1063 1219 1131 1226 —
1151 1187 1413 1254 discors“)
1442 1190 1502 1237 de
1529 1189 1768 1238 industria
1791 1189 1997 1238 lenius
2034 1189 2244 1249 dixisse,
2282 1205 2400 1254 pau-

398 1272 532 1320 latim
569 1289 686 1322 vero
723 1273 983 1323 transiisse
1020 1275 1208 1323 videtur
1245 1276 1309 1324 ad
1345 1275 1833 1340 objurgationes
1881 1275 1949 1338 (c.
1978 1272 2061 1322 35.
2092 1273 2206 1332 „Ut
2241 1274 2405 1321 sedi-

400 1359 629 1407 tionem
665 1361 881 1424 attigit
915 1388 986 1397 —
1022 1362 1383 1426 rogitans“).

1339 1487 1455 1536 ibid.

513 1603 549 1633 a
580 1588 892 1635 veneratione
928 1586 1141 1652 Augusti
1178 1604 1323 1637 orsus
1358 1588 1497 1636 flexit
1533 1588 1598 1635 ad
1634 1585 1868 1634 victorias
1921 1586 2288 1650 triumphosque

1288 1674 1519 1738 Augusti.

544 1774 865 1820 Germanicus
917 1772 1187 1822 honorifica
1239 1773 1454 1839 Augusti
1497 1774 1743 1822 mentione
1797 1774 1929 1820 faeta
1974 1771 2155 1820 milites
2201 1787 2402 1819 monere

402 1858 574 1915 voluit,
613 1866 663 1904 ut
700 1875 791 1905 uec
829 1875 905 1916 ea,
943 1873 1050 1921 quae
1086 1861 1151 1906 ab
1185 1860 1270 1906 illo
1307 1859 1529 1906 instituta
1570 1866 1755 1916 essent,
1795 1855 2125 1918 despicerent,
2162 1865 2212 1905 et
2249 1857 2400 1904 'ribe-

402 1944 524 1991 rium
562 1944 708 1990 etiam
745 1950 940 2008 propter
975 1942 1170 2007 patris
1210 1944 1476 2008 Augusti
1510 1945 1719 1991 virtutes
1757 1941 2047 2005 diligerent,
2086 1948 2405 2004 praeterquam

403 2027 532 2091 quod
569 2028 664 2092 ipsi
701 2028 802 2075 tilio
841 2027 1092 2094 (Tiberio)
1128 2037 1326 2093 propter
1363 2033 1468 2092 ejus
1516 2030 1567 2076 in
1615 2026 1969 2092 rempublicam
2015 2029 2186 2074 merita
2233 2040 2407 2090 parere

402 2113 480 2162 fas
517 2121 666 2162 esset.

1383 2239 1448 2287 ib.

473 2337 636 2387 Jtaliae
671 2337 785 2387 inde
822 2353 853 2387 c
865 2352 979 2387 ons
995 2354 1021 2386 e
1038 2355 1068 2386 n
1079 2355 1104 2387 s
1118 2355 1148 2386 u
1160 2353 1226 2397 m,
1266 2338 1533 2387 Galliarum
1569 2339 1712 2387 fidem
1752 2338 1940 2386 extollit
1954 2355 1972 2396 ;
2019 2337 2084 2384 nil
2138 2352 2339 2402 usquam

1073 2423 1309 2471 turbidum
1345 2432 1435 2472 aut·
1466 2423 1565 2472 dis
1577 2438 1605 2473 c
1620 2440 1650 2471 o
1662 2440 1685 2470 r
1696 2440 1738 2471 s.

545 2541 798 2605 „Jtaliae
844 2543 1267 2590 consensum“
1314 2540 1655 2604 explicandum
1713 2538 1934 2590 videtur:
1990 2539 2409 2601 „voluntatem

405 2629 707 2677 Jtalorum
761 2644 891 2676 cum
942 2628 1369 2692 ,imperatoris
1426 2643 1473 2675 V.
1532 2625 2011 2693 magistratuum
2078 2627 2409 2676 voluntate

407 2714 923 2762 consentientem
980 2714 1383 2772 (Gehorsanu
1454 2712 1694 2774 Ruhe)·“‘
1791 2712 2024 2760 Similiter
2081 2711 2408 2772 ‚,discors‘·

406 2813 505 2846 nou
541 2804 732 2862 spectat
767 2798 831 2845 ad
868 2797 1162 2846 discordiam
1207 2799 1364 2846 inter
1407 2799 1584 2859 ipsos*
1623 2798 1794 2844 cives
1862 2815 1907 2844 v.
1953 2798 2188 2845 milites
2237 2805 2405 2857 ortam,

409 2884 498 2930 sed
533 2884 597 2931 ad
633 2885 869 2931 animos
907 2881 1131 2930 civium
1168 2901 1214 2930 v.
1252 2883 1506 2930 militum
1543 2898 1670 2930 cum
1724 2882 2114 2945 Jmperatore
2151 2901 2196 2930 v.
2233 2884 2405 2945 magi-

410 2969 712 3013 stratibus
747 2976 796 3013 et
831 2968 1145 3030 praefectis
1184 2967 1504 3014 discordes
1530 2964 1996 3030 (Ungeborsam5
2029 2965 2405 3028 Meuterei).“

409 3048 600 3098 Favent
634 3052 749 3099 huic
781 3051 1185 3115 interpretationi,
1224 3067 1369 3115 quam
1402 3040 1618 3111 Lexica',
1657 3052 1787 3115 quod
1824 3054 2065 3111 sciamus,
2102 3052 2149 3098 in
2192 3047 2409 3098 medium

409 3148 507 3181 non
544 3138 810 3198 proferunt,
849 3153 954 3201 quae
998 3136 1209 3201 legimus
1247 3136 1306 3186 C.
1342 3135 1427 3186 38.
1473 3136 1575 3183 init.
1591 3151 1607 3182 ε
1650 3137 1755 3198 „At
1790 3137 1840 3184 in
1878 3137 2088 3185 Chaucis
2134 3142 2408 3198 coeptavere

411 3216 698 3268 seditionem
727 3220 1002 3285 praesidium
1032 3221 1276 3285 agitantes
1307 3219 1555 3270 vexillarii
1586 3221 1951 3270 discordium
1987 3221 2286 3286 legionum“,
2312 3235 2408 3284 quo

411 3299 548 3349 loco:
603 3303 1023 3362 „discordium
1068 3305 1417 3370 legionum“
1455 3304 1539 3353 vix
1586 3305 1728 3354 aliter
1772 3313 1959 3356 vertere
1994 3306 2187 3371 possiS,
2233 3318 2416 3370 quam:

411 3382 552 3443 „der
606 3391 960 3455 unruhigen
1012 3406 1052 3438 s·
1098 3389 1641 3457 missvergni‘igten
1693 3391 2003 3456 Legionenss‘
2072 3389 2202 3500 Na212
2246 3388 2422 3440 inter
