<?xml version="1.0" encoding="UTF-8"?>
<!DOCTYPE html PUBLIC "-//W3C//DTD XHTML 1.0 Transitional//EN"
    "http://www.w3.org/TR/xhtml1/DTD/xhtml1-transitional.dtd">
<html xmlns="http://www.w3.org/1999/xhtml" xml:lang="en" lang="en">
 <head>
  <title>
</title>
<meta http-equiv="Content-Type" content="text/html;charset=utf-8" />
  <meta name='ocr-system' content='tesseract 3.04.00' />
  <meta name='ocr-capabilities' content='ocr_page ocr_carea ocr_par ocr_line ocrx_word'/>
</head>
<body>
  <div class='ocr_page' id='page_1' title='image "4763771_0033.png"; bbox 0 0 2960 3806; ppageno 0'>
   <div class='ocr_carea' id='block_1_1' title="bbox 1390 310 1669 380">
    <p class='ocr_par' dir='ltr' id='par_1_1' title="bbox 1390 310 1669 380">
     <span class='ocr_line' id='line_1_1' title="bbox 1390 310 1669 380; baseline -0.007 0"><span class='ocrx_word' id='word_1_1' title='bbox 1390 310 1669 380; x_wconf 38' lang='lat'><strong>&amp;263</strong></span> 
     </span>
    </p>
   </div>
   <div class='ocr_carea' id='block_1_2' title="bbox 528 446 2527 604">
    <p class='ocr_par' dir='ltr' id='par_1_2' title="bbox 528 446 2527 604">
     <span class='ocr_line' id='line_1_2' title="bbox 528 446 2527 520; baseline -0.001 -17"><span class='ocrx_word' id='word_1_2' title='bbox 528 463 703 503; x_wconf 79' lang='lat' dir='ltr'><strong>norum</strong></span> <span class='ocrx_word' id='word_1_3' title='bbox 738 461 838 520; x_wconf 82' lang='lat' dir='ltr'><strong>ope</strong></span> <span class='ocrx_word' id='word_1_4' title='bbox 872 452 1115 518; x_wconf 76' lang='lat' dir='ltr'>Segestes</span> <span class='ocrx_word' id='word_1_5' title='bbox 1151 452 1386 502; x_wconf 83' lang='lat' dir='ltr'><strong>liberatus</strong></span> <span class='ocrx_word' id='word_1_6' title='bbox 1422 451 1488 500; x_wconf 85' lang='lat' dir='ltr'><strong>sit</strong></span> <span class='ocrx_word' id='word_1_7' title='bbox 1523 446 1595 511; x_wconf 89' lang='lat' dir='ltr'><strong>(v.</strong></span> <span class='ocrx_word' id='word_1_8' title='bbox 1633 465 1676 498; x_wconf 88' lang='lat' dir='ltr'><strong>c.</strong></span> <span class='ocrx_word' id='word_1_9' title='bbox 1710 446 1841 512; x_wconf 58' lang='lat'><strong>570,</strong></span> <span class='ocrx_word' id='word_1_10' title='bbox 1879 451 2058 499; x_wconf 81' lang='lat' dir='ltr'><strong>referre</strong></span> <span class='ocrx_word' id='word_1_11' title='bbox 2103 451 2250 510; x_wconf 78' lang='lat' dir='ltr'><strong>velit,</strong></span> <span class='ocrx_word' id='word_1_12' title='bbox 2286 467 2380 501; x_wconf 88' lang='lat' dir='ltr'><strong>nos</strong></span> <span class='ocrx_word' id='word_1_13' title='bbox 2424 452 2527 516; x_wconf 85' lang='lat' dir='ltr'><strong>qui·</strong></span> 
     </span>
     <span class='ocr_line' id='line_1_3' title="bbox 528 536 1195 604; baseline -0.003 -17"><span class='ocrx_word' id='word_1_14' title='bbox 528 539 640 588; x_wconf 77' lang='lat' dir='ltr'><strong>dem</strong></span> <span class='ocrx_word' id='word_1_15' title='bbox 675 555 776 589; x_wconf 87' lang='lat' dir='ltr'><strong>non</strong></span> <span class='ocrx_word' id='word_1_16' title='bbox 810 536 1195 604; x_wconf 80' lang='lat' dir='ltr'><strong>repugnamus.¹)</strong></span> 
     </span>
    </p>
   </div>
   <div class='ocr_carea' id='block_1_3' title="bbox 596 638 2458 875">
    <p class='ocr_par' dir='ltr' id='par_1_3' title="bbox 596 638 2458 875">
     <span class='ocr_line' id='line_1_4' title="bbox 1446 638 1605 699; baseline 0.006 -12"><span class='ocrx_word' id='word_1_17' title='bbox 1446 638 1485 699; x_wconf 91' lang='lat'><strong>1,</strong></span> <span class='ocrx_word' id='word_1_18' title='bbox 1520 638 1605 688; x_wconf 81' lang='grc'><strong>61.</strong></span> 
     </span>
     <span class='ocr_line' id='line_1_5' title="bbox 596 723 2458 789; baseline 0.001 -14"><span class='ocrx_word' id='word_1_19' title='bbox 596 743 622 775; x_wconf 90' lang='lat' dir='ltr'><strong>s</strong></span> <span class='ocrx_word' id='word_1_20' title='bbox 636 745 664 775; x_wconf 90' lang='lat' dir='ltr'><strong>e</strong></span> <span class='ocrx_word' id='word_1_21' title='bbox 677 744 727 774; x_wconf 90' lang='lat' dir='ltr'>m</span> <span class='ocrx_word' id='word_1_22' title='bbox 739 729 790 775; x_wconf 91' lang='lat' dir='ltr'><strong>ir</strong></span> <span class='ocrx_word' id='word_1_23' title='bbox 803 733 859 775; x_wconf 91' lang='lat' dir='ltr'><strong>ut</strong></span> <span class='ocrx_word' id='word_1_24' title='bbox 871 743 900 775; x_wconf 96' lang='grc' dir='ltr'>ο</span> <span class='ocrx_word' id='word_1_25' title='bbox 939 743 969 773; x_wconf 87' lang='lat' dir='ltr'>v</span> <span class='ocrx_word' id='word_1_26' title='bbox 981 726 1040 774; x_wconf 90' lang='lat' dir='ltr'><strong>al</strong></span> <span class='ocrx_word' id='word_1_27' title='bbox 1053 726 1110 774; x_wconf 95' lang='lat' dir='ltr'><strong>lo</strong></span> <span class='ocrx_word' id='word_1_28' title='bbox 1126 761 1142 785; x_wconf 91' lang='grc'><em>,</em></span> <span class='ocrx_word' id='word_1_29' title='bbox 1180 725 1345 773; x_wconf 86' lang='lat' dir='ltr'><strong>humili</strong></span> <span class='ocrx_word' id='word_1_30' title='bbox 1380 725 1520 773; x_wconf 82' lang='lat' dir='ltr'><strong>fossa</strong></span> <span class='ocrx_word' id='word_1_31' title='bbox 1556 725 1737 772; x_wconf 81' lang='lat' dir='ltr'><strong>accisoe</strong></span> <span class='ocrx_word' id='word_1_32' title='bbox 1764 729 1867 787; x_wconf 89' lang='lat' dir='ltr'><strong>jam</strong></span> <span class='ocrx_word' id='word_1_33' title='bbox 1903 723 2122 789; x_wconf 82' lang='lat' dir='ltr'><strong>reliquiae</strong></span> <span class='ocrx_word' id='word_1_34' title='bbox 2168 727 2458 776; x_wconf 80' lang='lat' dir='ltr'><strong>consedisse</strong></span> 
     </span>
     <span class='ocr_line' id='line_1_6' title="bbox 1319 809 1744 875; baseline 0 -18"><span class='ocrx_word' id='word_1_35' title='bbox 1319 809 1744 875; x_wconf 82' lang='lat' dir='ltr'><strong>intellegebantur.</strong></span> 
     </span>
    </p>
   </div>
   <div class='ocr_carea' id='block_1_4' title="bbox 520 911 2534 2082">
    <p class='ocr_par' dir='ltr' id='par_1_4' title="bbox 520 911 2534 2082">
     <span class='ocr_line' id='line_1_7' title="bbox 666 911 2530 978; baseline -0.001 -14"><span class='ocrx_word' id='word_1_36' title='bbox 666 915 836 964; x_wconf 84' lang='lat' dir='ltr'><strong>Ritte</strong></span> <span class='ocrx_word' id='word_1_37' title='bbox 851 928 955 963; x_wconf 87' lang='lat' dir='ltr'><strong>rus</strong></span> <span class='ocrx_word' id='word_1_38' title='bbox 971 919 1030 974; x_wconf 84' lang='lat'><strong>2),</strong></span> <span class='ocrx_word' id='word_1_39' title='bbox 1071 911 1152 961; x_wconf 92' lang='lat' dir='ltr'><strong>cui</strong></span> <span class='ocrx_word' id='word_1_40' title='bbox 1187 912 1520 961; x_wconf 80' lang='lat' dir='ltr'><strong>assentiuntur</strong></span> <span class='ocrx_word' id='word_1_41' title='bbox 1556 911 1602 960; x_wconf 89' lang='grc' dir='ltr'><strong>Ο</strong></span> <span class='ocrx_word' id='word_1_42' title='bbox 1616 912 1703 960; x_wconf 90' lang='lat' dir='ltr'><strong>rel</strong></span> <span class='ocrx_word' id='word_1_43' title='bbox 1717 913 1833 961; x_wconf 87' lang='lat' dir='ltr'><strong>lius</strong></span> <span class='ocrx_word' id='word_1_44' title='bbox 1880 921 1929 961; x_wconf 91' lang='lat' dir='ltr'><strong>et</strong></span> <span class='ocrx_word' id='word_1_45' title='bbox 1973 913 2133 961; x_wconf 85' lang='lat' dir='ltr'><strong>Psitz</strong></span> <span class='ocrx_word' id='word_1_46' title='bbox 2147 928 2288 962; x_wconf 87' lang='lat' dir='ltr'><strong>neru</strong></span> <span class='ocrx_word' id='word_1_47' title='bbox 2302 930 2328 963; x_wconf 90' lang='lat' dir='ltr'><strong>s</strong></span> <span class='ocrx_word' id='word_1_48' title='bbox 2374 915 2530 978; x_wconf 77' lang='lat' dir='ltr'><strong>(Jahn</strong></span> 
     </span>
     <span class='ocr_line' id='line_1_8' title="bbox 526 993 2530 1057; baseline 0.001 -12"><span class='ocrx_word' id='word_1_49' title='bbox 526 999 625 1047; x_wconf 89' lang='lat' dir='ltr'><strong>und</strong></span> <span class='ocrx_word' id='word_1_50' title='bbox 660 998 813 1046; x_wconf 82' lang='lat' dir='ltr'><strong>Klotz</strong></span> <span class='ocrx_word' id='word_1_51' title='bbox 849 996 913 1045; x_wconf 88' lang='lat' dir='ltr'><strong>N.</strong></span> <span class='ocrx_word' id='word_1_52' title='bbox 949 995 1001 1045; x_wconf 88' lang='lat' dir='ltr'><strong>J.</strong></span> <span class='ocrx_word' id='word_1_53' title='bbox 1039 995 1270 1057; x_wconf 57' lang='lat'><strong>50388.)</strong></span> <span class='ocrx_word' id='word_1_54' title='bbox 1285 1032 1301 1056; x_wconf 93' lang='lat'><strong>,</strong></span> <span class='ocrx_word' id='word_1_55' title='bbox 1339 993 1466 1045; x_wconf 87' lang='lat' dir='ltr'><strong>sem</strong></span> <span class='ocrx_word' id='word_1_56' title='bbox 1479 995 1497 1043; x_wconf 94' lang='lat' dir='ltr'><strong>i</strong></span> <span class='ocrx_word' id='word_1_57' title='bbox 1512 1011 1535 1043; x_wconf 85' lang='grc' dir='ltr'>ι·</span> <span class='ocrx_word' id='word_1_58' title='bbox 1547 1012 1578 1043; x_wconf 99' lang='grc' dir='ltr'><strong>ιι</strong></span> <span class='ocrx_word' id='word_1_59' title='bbox 1588 1002 1608 1042; x_wconf 92' lang='lat' dir='ltr'><strong>t</strong></span> <span class='ocrx_word' id='word_1_60' title='bbox 1619 1012 1648 1043; x_wconf 91' lang='grc' dir='ltr'><strong>ιι</strong></span> <span class='ocrx_word' id='word_1_61' title='bbox 1663 1013 1710 1043; x_wconf 81' lang='grc' dir='ltr'><strong>ιιι</strong></span> <span class='ocrx_word' id='word_1_62' title='bbox 1765 997 1946 1044; x_wconf 88' lang='lat' dir='ltr'><strong>vallum</strong></span> <span class='ocrx_word' id='word_1_63' title='bbox 1996 998 2145 1046; x_wconf 88' lang='lat' dir='ltr'><strong>docet</strong></span> <span class='ocrx_word' id='word_1_64' title='bbox 2197 1013 2313 1046; x_wconf 86' lang='lat' dir='ltr'><strong>esse</strong></span> <span class='ocrx_word' id='word_1_65' title='bbox 2348 1000 2530 1048; x_wconf 88' lang='lat' dir='ltr'><strong>vallum</strong></span> 
     </span>
     <span class='ocr_line' id='line_1_9' title="bbox 528 1080 2530 1146; baseline 0 -16"><span class='ocrx_word' id='word_1_66' title='bbox 528 1099 602 1130; x_wconf 86' lang='lat' dir='ltr'><strong>ex</strong></span> <span class='ocrx_word' id='word_1_67' title='bbox 637 1088 808 1146; x_wconf 88' lang='lat' dir='ltr'><strong>parte</strong></span> <span class='ocrx_word' id='word_1_68' title='bbox 845 1082 1014 1130; x_wconf 87' lang='lat' dir='ltr'><strong>colla</strong></span> <span class='ocrx_word' id='word_1_69' title='bbox 1028 1098 1058 1145; x_wconf 92' lang='lat' dir='ltr'>p</span> <span class='ocrx_word' id='word_1_70' title='bbox 1073 1097 1201 1130; x_wconf 85' lang='lat' dir='ltr'><strong>sum</strong></span> <span class='ocrx_word' id='word_1_71' title='bbox 1236 1085 1434 1145; x_wconf 86' lang='lat' dir='ltr'><strong>(neque,</strong></span> <span class='ocrx_word' id='word_1_72' title='bbox 1472 1088 1525 1131; x_wconf 92' lang='lat' dir='ltr'><strong>ut</strong></span> <span class='ocrx_word' id='word_1_73' title='bbox 1564 1080 1652 1130; x_wconf 88' lang='lat' dir='ltr'><strong>alii</strong></span> <span class='ocrx_word' id='word_1_74' title='bbox 1698 1081 1889 1140; x_wconf 77' lang='lat' dir='ltr'><strong>volunt,</strong></span> <span class='ocrx_word' id='word_1_75' title='bbox 1926 1082 1982 1129; x_wconf 92' lang='lat' dir='ltr'><strong>in</strong></span> <span class='ocrx_word' id='word_1_76' title='bbox 2033 1081 2352 1142; x_wconf 77' lang='lat' dir='ltr'><strong>dimidium</strong></span> <span class='ocrx_word' id='word_1_77' title='bbox 2402 1091 2461 1130; x_wconf 90' lang='lat' dir='ltr'><strong>ta</strong></span> <span class='ocrx_word' id='word_1_78' title='bbox 2475 1098 2530 1130; x_wconf 90' lang='lat' dir='ltr'><strong>n-</strong></span> 
     </span>
     <span class='ocr_line' id='line_1_10' title="bbox 526 1164 2531 1229; baseline 0 -15"><span class='ocrx_word' id='word_1_79' title='bbox 526 1175 644 1214; x_wconf 86' lang='lat' dir='ltr'><strong>tum</strong></span> <span class='ocrx_word' id='word_1_80' title='bbox 688 1171 876 1229; x_wconf 85' lang='lat' dir='ltr'><strong>justae</strong></span> <span class='ocrx_word' id='word_1_81' title='bbox 922 1164 1105 1213; x_wconf 78' lang='lat' dir='ltr'><strong>altitu</strong></span> <span class='ocrx_word' id='word_1_82' title='bbox 1119 1165 1289 1212; x_wconf 91' lang='lat' dir='ltr'><strong>dinis</strong></span> <span class='ocrx_word' id='word_1_83' title='bbox 1337 1181 1414 1213; x_wconf 88' lang='lat' dir='ltr'><strong>ex</strong></span> <span class='ocrx_word' id='word_1_84' title='bbox 1428 1165 1766 1225; x_wconf 84' lang='lat' dir='ltr'><strong>structum).</strong></span> <span class='ocrx_word' id='word_1_85' title='bbox 1839 1164 1987 1222; x_wconf 81' lang='lat' dir='ltr'><strong>Quod</strong></span> <span class='ocrx_word' id='word_1_86' title='bbox 2029 1167 2325 1215; x_wconf 86' lang='lat' dir='ltr'><strong>Doederlin</strong></span> <span class='ocrx_word' id='word_1_87' title='bbox 2339 1185 2366 1215; x_wconf 91' lang='lat' dir='ltr'><strong>u</strong></span> <span class='ocrx_word' id='word_1_88' title='bbox 2382 1183 2407 1215; x_wconf 93' lang='lat' dir='ltr'><strong>s</strong></span> <span class='ocrx_word' id='word_1_89' title='bbox 2459 1167 2531 1216; x_wconf 86' lang='lat' dir='ltr'><strong>di-</strong></span> 
     </span>
     <span class='ocr_line' id='line_1_11' title="bbox 520 1247 2534 1315; baseline 0 -15"><span class='ocrx_word' id='word_1_90' title='bbox 520 1251 596 1310; x_wconf 53' lang='lat' dir='ltr'><strong>‚cit</strong></span> <span class='ocrx_word' id='word_1_91' title='bbox 608 1287 624 1311; x_wconf 93' lang='lat'><strong>,</strong></span> <span class='ocrx_word' id='word_1_92' title='bbox 674 1250 835 1310; x_wconf 86' lang='lat' dir='ltr'><strong>„hanc</strong></span> <span class='ocrx_word' id='word_1_93' title='bbox 876 1249 1008 1299; x_wconf 82' lang='lat' dir='ltr'><strong>Ritt</strong></span> <span class='ocrx_word' id='word_1_94' title='bbox 1021 1267 1049 1298; x_wconf 94' lang='lat' dir='ltr'><strong>e</strong></span> <span class='ocrx_word' id='word_1_95' title='bbox 1063 1249 1115 1297; x_wconf 90' lang='lat' dir='ltr'><strong>ri</strong></span> <span class='ocrx_word' id='word_1_96' title='bbox 1171 1247 1550 1314; x_wconf 78' lang='lat' dir='ltr'><strong>explicationem</strong></span> <span class='ocrx_word' id='word_1_97' title='bbox 1598 1247 1812 1298; x_wconf 87' lang='lat' dir='ltr'><strong>sermoni</strong></span> <span class='ocrx_word' id='word_1_98' title='bbox 1860 1264 2132 1315; x_wconf 85' lang='lat' dir='ltr'><strong>repugnare</strong></span> <span class='ocrx_word' id='word_1_99' title='bbox 2147 1287 2162 1309; x_wconf 93' lang='lat'>‚</span> <span class='ocrx_word' id='word_1_100' title='bbox 2200 1265 2313 1299; x_wconf 87' lang='lat' dir='ltr'><strong>nam</strong></span> <span class='ocrx_word' id='word_1_101' title='bbox 2360 1268 2384 1301; x_wconf 89' lang='lat' dir='ltr'><strong>r</strong></span> <span class='ocrx_word' id='word_1_102' title='bbox 2395 1258 2491 1301; x_wconf 91' lang='lat' dir='ltr'><strong>utu</strong></span> <span class='ocrx_word' id='word_1_103' title='bbox 2508 1267 2534 1301; x_wconf 89' lang='lat' dir='ltr'><strong>s</strong></span> 
     </span>
     <span class='ocr_line' id='line_1_12' title="bbox 525 1318 2532 1404; baseline 0 -19"><span class='ocrx_word' id='word_1_104' title='bbox 525 1318 787 1404; x_wconf 84' lang='lat' dir='ltr'><strong>passive</strong></span> <span class='ocrx_word' id='word_1_105' title='bbox 814 1336 932 1390; x_wconf 81' lang='lat' dir='ltr'><strong>dici,</strong></span> <span class='ocrx_word' id='word_1_106' title='bbox 957 1351 1071 1394; x_wconf 90' lang='lat' dir='ltr'><strong>non,</strong></span> <span class='ocrx_word' id='word_1_107' title='bbox 1100 1342 1152 1384; x_wconf 92' lang='lat' dir='ltr'><strong>ut</strong></span> <span class='ocrx_word' id='word_1_108' title='bbox 1179 1351 1242 1383; x_wconf 89' lang='lat' dir='ltr'><strong>ru</strong></span> <span class='ocrx_word' id='word_1_109' title='bbox 1257 1349 1366 1382; x_wconf 89' lang='lat' dir='ltr'><strong>ens</strong></span> <span class='ocrx_word' id='word_1_110' title='bbox 1397 1335 1479 1383; x_wconf 85' lang='lat' dir='ltr'><strong>vel</strong></span> <span class='ocrx_word' id='word_1_111' title='bbox 1504 1335 1680 1398; x_wconf 90' lang='lat' dir='ltr'><strong>lapsu</strong></span> <span class='ocrx_word' id='word_1_112' title='bbox 1695 1350 1736 1395; x_wconf 83' lang='lat' dir='ltr'><strong>S,</strong></span> <span class='ocrx_word' id='word_1_113' title='bbox 1773 1336 2180 1396; x_wconf 87' lang='lat' dir='ltr'><strong>neutraliter“,</strong></span> <span class='ocrx_word' id='word_1_114' title='bbox 2220 1335 2532 1386; x_wconf 86' lang='lat' dir='ltr'><strong>Ritterum</strong></span> 
     </span>
     <span class='ocr_line' id='line_1_13' title="bbox 525 1412 2530 1485; baseline 0.001 -15"><span class='ocrx_word' id='word_1_115' title='bbox 525 1420 744 1472; x_wconf 77' lang='lat' dir='ltr'><strong>refutare</strong></span> <span class='ocrx_word' id='word_1_116' title='bbox 780 1436 876 1468; x_wconf 90' lang='lat' dir='ltr'><strong>non</strong></span> <span class='ocrx_word' id='word_1_117' title='bbox 910 1422 1115 1469; x_wconf 85' lang='lat' dir='ltr'><strong>videtur.</strong></span> <span class='ocrx_word' id='word_1_118' title='bbox 1187 1419 1315 1479; x_wconf 84' lang='lat' dir='ltr'><strong>Quid</strong></span> <span class='ocrx_word' id='word_1_119' title='bbox 1351 1420 1481 1468; x_wconf 87' lang='lat' dir='ltr'><strong>enim</strong></span> <span class='ocrx_word' id='word_1_120' title='bbox 1515 1412 1736 1484; x_wconf 87' lang='lat' dir='ltr'><strong>impedit,</strong></span> <span class='ocrx_word' id='word_1_121' title='bbox 1771 1436 1866 1485; x_wconf 91' lang='lat' dir='ltr'><strong>qno</strong></span> <span class='ocrx_word' id='word_1_122' title='bbox 1903 1421 2061 1468; x_wconf 87' lang='lat' dir='ltr'><strong>minus</strong></span> <span class='ocrx_word' id='word_1_123' title='bbox 2112 1438 2174 1480; x_wconf 89' lang='lat' dir='ltr'><strong>„s</strong></span> <span class='ocrx_word' id='word_1_124' title='bbox 2187 1439 2215 1469; x_wconf 90' lang='lat' dir='ltr'><strong>e</strong></span> <span class='ocrx_word' id='word_1_125' title='bbox 2227 1424 2338 1470; x_wconf 88' lang='lat' dir='ltr'><strong>mir</strong></span> <span class='ocrx_word' id='word_1_126' title='bbox 2352 1428 2456 1472; x_wconf 85' lang='lat' dir='ltr'><strong>utu</strong></span> <span class='ocrx_word' id='word_1_127' title='bbox 2466 1427 2530 1471; x_wconf 91' lang='lat' dir='ltr'><strong>s“</strong></span> 
     </span>
     <span class='ocr_line' id='line_1_14' title="bbox 529 1505 2534 1570; baseline 0.001 -15"><span class='ocrx_word' id='word_1_128' title='bbox 529 1508 672 1555; x_wconf 88' lang='lat' dir='ltr'><strong>etiam</strong></span> <span class='ocrx_word' id='word_1_129' title='bbox 714 1506 762 1558; x_wconf 83' lang='lat' dir='ltr'><strong>h,</strong></span> <span class='ocrx_word' id='word_1_130' title='bbox 808 1506 843 1553; x_wconf 92' lang='grc'><strong>1.</strong></span> <span class='ocrx_word' id='word_1_131' title='bbox 892 1522 922 1553; x_wconf 91' lang='lat' dir='ltr'><strong>a</strong></span> <span class='ocrx_word' id='word_1_132' title='bbox 968 1505 1147 1553; x_wconf 83' lang='lat' dir='ltr'><strong>Tacito</strong></span> <span class='ocrx_word' id='word_1_133' title='bbox 1204 1523 1234 1570; x_wconf 88' lang='lat' dir='ltr'>p</span> <span class='ocrx_word' id='word_1_134' title='bbox 1248 1523 1278 1553; x_wconf 83' lang='lat' dir='ltr'><strong>a</strong></span> <span class='ocrx_word' id='word_1_135' title='bbox 1290 1520 1316 1552; x_wconf 86' lang='lat' dir='ltr'><strong>s</strong></span> <span class='ocrx_word' id='word_1_136' title='bbox 1327 1507 1429 1554; x_wconf 89' lang='lat' dir='ltr'><strong>siv</strong></span> <span class='ocrx_word' id='word_1_137' title='bbox 1441 1523 1469 1554; x_wconf 93' lang='lat' dir='ltr'><strong>e</strong></span> <span class='ocrx_word' id='word_1_138' title='bbox 1518 1505 1699 1553; x_wconf 88' lang='lat' dir='ltr'><strong>dictum</strong></span> <span class='ocrx_word' id='word_1_139' title='bbox 1747 1520 1992 1553; x_wconf 84' lang='lat' dir='ltr'>sumamus</span> <span class='ocrx_word' id='word_1_140' title='bbox 2003 1505 2030 1552; x_wconf 78' lang='lat'><strong>⁶?</strong></span> <span class='ocrx_word' id='word_1_141' title='bbox 2096 1505 2382 1555; x_wconf 83' lang='lat' dir='ltr'><strong>Semirutum</strong></span> <span class='ocrx_word' id='word_1_142' title='bbox 2428 1517 2534 1558; x_wconf 85' lang='lat' dir='ltr'><strong>erat</strong></span> 
     </span>
     <span class='ocr_line' id='line_1_15' title="bbox 527 1590 2533 1653; baseline 0.003 -16"><span class='ocrx_word' id='word_1_143' title='bbox 527 1591 711 1639; x_wconf 85' lang='lat' dir='ltr'><strong>vallum</strong></span> <span class='ocrx_word' id='word_1_144' title='bbox 747 1606 844 1638; x_wconf 91' lang='lat' dir='ltr'><strong>non</strong></span> <span class='ocrx_word' id='word_1_145' title='bbox 881 1592 942 1638; x_wconf 90' lang='lat' dir='ltr'><strong>ab</strong></span> <span class='ocrx_word' id='word_1_146' title='bbox 981 1592 1009 1638; x_wconf 90' lang='grc' dir='ltr'>Ιι</span> <span class='ocrx_word' id='word_1_147' title='bbox 1023 1607 1105 1638; x_wconf 90' lang='lat' dir='ltr'><strong>om</strong></span> <span class='ocrx_word' id='word_1_148' title='bbox 1117 1590 1201 1639; x_wconf 83' lang='lat' dir='ltr'><strong>ini</strong></span> <span class='ocrx_word' id='word_1_149' title='bbox 1213 1593 1240 1638; x_wconf 89' lang='lat' dir='ltr'>b</span> <span class='ocrx_word' id='word_1_150' title='bbox 1254 1608 1282 1639; x_wconf 93' lang='lat' dir='ltr'><strong>n</strong></span> <span class='ocrx_word' id='word_1_151' title='bbox 1295 1606 1337 1649; x_wconf 87' lang='lat' dir='ltr'><strong>S,</strong></span> <span class='ocrx_word' id='word_1_152' title='bbox 1375 1590 1483 1650; x_wconf 90' lang='lat' dir='ltr'><strong>sed,</strong></span> <span class='ocrx_word' id='word_1_153' title='bbox 1521 1606 1667 1653; x_wconf 87' lang='lat' dir='ltr'><strong>quum</strong></span> <span class='ocrx_word' id='word_1_154' title='bbox 1700 1591 2012 1640; x_wconf 77' lang='lat' dir='ltr'><strong>festinantius</strong></span> <span class='ocrx_word' id='word_1_155' title='bbox 2050 1592 2246 1640; x_wconf 85' lang='lat' dir='ltr'><strong>ductum</strong></span> <span class='ocrx_word' id='word_1_156' title='bbox 2281 1609 2379 1641; x_wconf 86' lang='lat' dir='ltr'><strong>nou</strong></span> <span class='ocrx_word' id='word_1_157' title='bbox 2409 1595 2533 1644; x_wconf 82' lang='lat' dir='ltr'><strong>satis</strong></span> 
     </span>
     <span class='ocr_line' id='line_1_16' title="bbox 527 1673 2531 1746; baseline 0.002 -24"><span class='ocrx_word' id='word_1_158' title='bbox 527 1676 730 1723; x_wconf 86' lang='lat' dir='ltr'><strong>haberet</strong></span> <span class='ocrx_word' id='word_1_159' title='bbox 765 1673 1024 1734; x_wconf 86' lang='lat' dir='ltr'><strong>firmitatis,</strong></span> <span class='ocrx_word' id='word_1_160' title='bbox 1062 1684 1218 1739; x_wconf 89' lang='lat' dir='ltr'><strong>temp</strong></span> <span class='ocrx_word' id='word_1_161' title='bbox 1234 1691 1264 1721; x_wconf 93' lang='lat' dir='ltr'><strong>o</strong></span> <span class='ocrx_word' id='word_1_162' title='bbox 1276 1691 1299 1721; x_wconf 83' lang='lat' dir='ltr'><strong>r</strong></span> <span class='ocrx_word' id='word_1_163' title='bbox 1312 1693 1339 1722; x_wconf 92' lang='lat' dir='ltr'><strong>e</strong></span> <span class='ocrx_word' id='word_1_164' title='bbox 1375 1690 1566 1722; x_wconf 87' lang='lat' dir='ltr'><strong>rerum</strong></span> <span class='ocrx_word' id='word_1_165' title='bbox 1603 1676 1713 1746; x_wconf 28' lang='lat' dir='ltr'><strong>exda</strong></span> <span class='ocrx_word' id='word_1_166' title='bbox 1725 1691 1752 1722; x_wconf 92' lang='lat' dir='ltr'><strong>c</strong></span> <span class='ocrx_word' id='word_1_167' title='bbox 1765 1676 1784 1722; x_wconf 90' lang='lat' dir='ltr'><strong>i</strong></span> <span class='ocrx_word' id='word_1_168' title='bbox 1818 1692 1858 1722; x_wconf 87' lang='lat' dir='ltr'><strong>s.</strong></span> <span class='ocrx_word' id='word_1_169' title='bbox 1909 1692 1936 1721; x_wconf 90' lang='lat' dir='ltr'>v</span> <span class='ocrx_word' id='word_1_170' title='bbox 1951 1682 2007 1721; x_wconf 87' lang='lat' dir='ltr'><strong>et</strong></span> <span class='ocrx_word' id='word_1_171' title='bbox 2020 1693 2048 1722; x_wconf 91' lang='lat' dir='ltr'><strong>u</strong></span> <span class='ocrx_word' id='word_1_172' title='bbox 2060 1683 2181 1722; x_wconf 87' lang='lat' dir='ltr'><strong>stat</strong></span> <span class='ocrx_word' id='word_1_173' title='bbox 2193 1693 2235 1723; x_wconf 90' lang='lat' dir='ltr'><strong>e.</strong></span> <span class='ocrx_word' id='word_1_174' title='bbox 2289 1678 2373 1725; x_wconf 81' lang='lat' dir='ltr'><strong>Jta</strong></span> <span class='ocrx_word' id='word_1_175' title='bbox 2410 1677 2531 1741; x_wconf 78' lang='lat' dir='ltr'><strong>Gap.</strong></span> 
     </span>
     <span class='ocr_line' id='line_1_17' title="bbox 523 1759 2530 1829; baseline 0.002 -22"><span class='ocrx_word' id='word_1_176' title='bbox 523 1759 635 1809; x_wconf 76' lang='lat'><strong>.63.:</strong></span> <span class='ocrx_word' id='word_1_177' title='bbox 675 1765 888 1824; x_wconf 82' lang='lat' dir='ltr'><strong>„rupto</strong></span> <span class='ocrx_word' id='word_1_178' title='bbox 899 1776 925 1808; x_wconf 89' lang='lat' dir='ltr'><strong>s</strong></span> <span class='ocrx_word' id='word_1_179' title='bbox 962 1778 992 1807; x_wconf 89' lang='lat' dir='ltr'>v</span> <span class='ocrx_word' id='word_1_180' title='bbox 1005 1775 1034 1809; x_wconf 86' lang='lat' dir='ltr'><strong>e</strong></span> <span class='ocrx_word' id='word_1_181' title='bbox 1045 1766 1094 1809; x_wconf 83' lang='lat' dir='ltr'><strong>tu</strong></span> <span class='ocrx_word' id='word_1_182' title='bbox 1107 1775 1133 1808; x_wconf 92' lang='lat' dir='ltr'><strong>s</strong></span> <span class='ocrx_word' id='word_1_183' title='bbox 1145 1767 1204 1808; x_wconf 87' lang='lat' dir='ltr'><strong>ta</strong></span> <span class='ocrx_word' id='word_1_184' title='bbox 1215 1767 1234 1806; x_wconf 95' lang='lat' dir='ltr'><strong>t</strong></span> <span class='ocrx_word' id='word_1_185' title='bbox 1245 1777 1273 1808; x_wconf 90' lang='lat' dir='ltr'><strong>e</strong></span> <span class='ocrx_word' id='word_1_186' title='bbox 1303 1763 1536 1824; x_wconf 89' lang='lat' dir='ltr'><strong>pontes.“</strong></span> <span class='ocrx_word' id='word_1_187' title='bbox 1575 1759 1822 1809; x_wconf 71' lang='lat' dir='ltr'><strong>Praeterea</strong></span> <span class='ocrx_word' id='word_1_188' title='bbox 1840 1773 2026 1808; x_wconf 11' lang='lat' dir='ltr'><strong>vocum.</strong></span> <span class='ocrx_word' id='word_1_189' title='bbox 2052 1776 2112 1820; x_wconf 88' lang='lat' dir='ltr'><strong>„r</strong></span> <span class='ocrx_word' id='word_1_190' title='bbox 2123 1767 2222 1808; x_wconf 86' lang='lat' dir='ltr'><strong>utu</strong></span> <span class='ocrx_word' id='word_1_191' title='bbox 2235 1766 2300 1809; x_wconf 90' lang='lat' dir='ltr'><strong>s“</strong></span> <span class='ocrx_word' id='word_1_192' title='bbox 2338 1763 2530 1829; x_wconf 88' lang='lat' dir='ltr'><strong>(einge-</strong></span> 
     </span>
     <span class='ocr_line' id='line_1_18' title="bbox 526 1842 2533 1919; baseline 0.001 -26"><span class='ocrx_word' id='word_1_193' title='bbox 526 1846 742 1909; x_wconf 74' lang='lat' dir='ltr'><strong>worfen)</strong></span> <span class='ocrx_word' id='word_1_194' title='bbox 770 1853 820 1894; x_wconf 89' lang='lat' dir='ltr'><strong>et</strong></span> <span class='ocrx_word' id='word_1_195' title='bbox 838 1860 906 1905; x_wconf 77' lang='lat' dir='ltr'><strong>„c</strong></span> <span class='ocrx_word' id='word_1_196' title='bbox 919 1846 1045 1895; x_wconf 91' lang='lat' dir='ltr'><strong>olla</strong></span> <span class='ocrx_word' id='word_1_197' title='bbox 1057 1863 1087 1911; x_wconf 91' lang='lat' dir='ltr'>p</span> <span class='ocrx_word' id='word_1_198' title='bbox 1098 1862 1125 1894; x_wconf 90' lang='lat' dir='ltr'><strong>s</strong></span> <span class='ocrx_word' id='word_1_199' title='bbox 1139 1863 1168 1894; x_wconf 94' lang='lat' dir='ltr'><strong>u</strong></span> <span class='ocrx_word' id='word_1_200' title='bbox 1182 1848 1247 1894; x_wconf 86' lang='lat' dir='ltr'><strong>s“</strong></span> <span class='ocrx_word' id='word_1_201' title='bbox 1269 1842 1613 1911; x_wconf 82' lang='lat' dir='ltr'><strong>(eingefallen)</strong></span> <span class='ocrx_word' id='word_1_202' title='bbox 1634 1861 1692 1919; x_wconf 71' lang='lat' dir='ltr'><strong>ea</strong></span> <span class='ocrx_word' id='word_1_203' title='bbox 1722 1852 1798 1894; x_wconf 87' lang='lat' dir='ltr'><strong>est</strong></span> <span class='ocrx_word' id='word_1_204' title='bbox 1815 1846 1941 1892; x_wconf 89' lang='lat' dir='ltr'><strong>inter</strong></span> <span class='ocrx_word' id='word_1_205' title='bbox 1977 1861 2031 1893; x_wconf 91' lang='lat' dir='ltr'><strong>se</strong></span> <span class='ocrx_word' id='word_1_206' title='bbox 2069 1847 2322 1911; x_wconf 83' lang='lat' dir='ltr'><strong>cognatio,</strong></span> <span class='ocrx_word' id='word_1_207' title='bbox 2362 1855 2411 1895; x_wconf 92' lang='lat' dir='ltr'><strong>ut</strong></span> <span class='ocrx_word' id='word_1_208' title='bbox 2446 1848 2533 1896; x_wconf 86' lang='lat' dir='ltr'><strong>illa</strong></span> 
     </span>
     <span class='ocr_line' id='line_1_19' title="bbox 525 1929 2533 1995; baseline 0.001 -18"><span class='ocrx_word' id='word_1_209' title='bbox 525 1930 756 1979; x_wconf 82' lang='lat' dir='ltr'><strong>vocabuli</strong></span> <span class='ocrx_word' id='word_1_210' title='bbox 795 1947 852 1990; x_wconf 81' lang='lat' dir='ltr'><strong>„r</strong></span> <span class='ocrx_word' id='word_1_211' title='bbox 863 1937 954 1981; x_wconf 89' lang='lat' dir='ltr'><strong>utu</strong></span> <span class='ocrx_word' id='word_1_212' title='bbox 967 1935 1031 1978; x_wconf 89' lang='lat' dir='ltr'><strong>s“</strong></span> <span class='ocrx_word' id='word_1_213' title='bbox 1073 1931 1368 1995; x_wconf 86' lang='lat' dir='ltr'><strong>significatio</strong></span> <span class='ocrx_word' id='word_1_214' title='bbox 1400 1929 1787 1995; x_wconf 81' lang='lat' dir='ltr'><strong>(eingeworfen)</strong></span> <span class='ocrx_word' id='word_1_215' title='bbox 1820 1931 1871 1977; x_wconf 86' lang='lat' dir='ltr'><strong>in</strong></span> <span class='ocrx_word' id='word_1_216' title='bbox 1907 1931 2032 1977; x_wconf 85' lang='lat' dir='ltr'><strong>hanc</strong></span> <span class='ocrx_word' id='word_1_217' title='bbox 2070 1929 2410 1994; x_wconf 83' lang='lat' dir='ltr'><strong>(eingefallen,</strong></span> <span class='ocrx_word' id='word_1_218' title='bbox 2431 1931 2533 1981; x_wconf 82' lang='lat' dir='ltr'><strong>ein·</strong></span> 
     </span>
     <span class='ocr_line' id='line_1_20' title="bbox 525 2017 1389 2082; baseline -0.002 -18"><span class='ocrx_word' id='word_1_219' title='bbox 525 2017 771 2081; x_wconf 77' lang='lat' dir='ltr'><strong>gestfirzt)</strong></span> <span class='ocrx_word' id='word_1_220' title='bbox 787 2061 791 2065; x_wconf 82' lang='lat'><strong>.</strong></span> <span class='ocrx_word' id='word_1_221' title='bbox 809 2017 955 2064; x_wconf 75' lang='lat' dir='ltr'><strong>facile</strong></span> <span class='ocrx_word' id='word_1_222' title='bbox 992 2017 1203 2082; x_wconf 82' lang='lat' dir='ltr'><strong>potuerit</strong></span> <span class='ocrx_word' id='word_1_223' title='bbox 1239 2017 1389 2063; x_wconf 89' lang='lat' dir='ltr'><strong>abire.</strong></span> 
     </span>
    </p>
   </div>
   <div class='ocr_carea' id='block_1_5' title="bbox 525 2140 2531 2584">
    <p class='ocr_par' dir='ltr' id='par_1_5' title="bbox 525 2140 2531 2584">
     <span class='ocr_line' id='line_1_21' title="bbox 1448 2140 1616 2201; baseline 0 -12"><span class='ocrx_word' id='word_1_224' title='bbox 1448 2142 1493 2201; x_wconf 84' lang='lat' dir='ltr'><strong>l,</strong></span> <span class='ocrx_word' id='word_1_225' title='bbox 1529 2140 1616 2190; x_wconf 82' lang='grc'><strong>63.</strong></span> 
     </span>
     <span class='ocr_line' id='line_1_22' title="bbox 925 2225 2135 2290; baseline 0.002 -18"><span class='ocrx_word' id='word_1_226' title='bbox 925 2240 1214 2289; x_wconf 84' lang='lat' dir='ltr'><strong>quamquam</strong></span> <span class='ocrx_word' id='word_1_227' title='bbox 1264 2228 1442 2274; x_wconf 89' lang='lat' dir='ltr'><strong>notis</strong></span> <span class='ocrx_word' id='word_1_228' title='bbox 1490 2227 1743 2275; x_wconf 85' lang='lat' dir='ltr'><strong>itineribus</strong></span> <span class='ocrx_word' id='word_1_229' title='bbox 1779 2225 2135 2290; x_wconf 84' lang='lat' dir='ltr'><strong>regrederetur.</strong></span> 
     </span>
     <span class='ocr_line' id='line_1_23' title="bbox 665 2326 2531 2392; baseline 0.002 -17"><span class='ocrx_word' id='word_1_230' title='bbox 665 2329 832 2375; x_wconf 86' lang='lat' dir='ltr'><strong>notis</strong></span> <span class='ocrx_word' id='word_1_231' title='bbox 868 2356 927 2376; x_wconf 86' lang='lat'>=</span> <span class='ocrx_word' id='word_1_232' title='bbox 961 2330 1215 2376; x_wconf 87' lang='lat' dir='ltr'><strong>consuetis</strong></span> <span class='ocrx_word' id='word_1_233' title='bbox 1253 2328 1446 2391; x_wconf 87' lang='lat' dir='ltr'><strong>quidem</strong></span> <span class='ocrx_word' id='word_1_234' title='bbox 1482 2335 1532 2376; x_wconf 89' lang='lat' dir='ltr'><strong>et</strong></span> <span class='ocrx_word' id='word_1_235' title='bbox 1567 2326 1666 2376; x_wconf 91' lang='lat' dir='ltr'><strong>alio</strong></span> <span class='ocrx_word' id='word_1_236' title='bbox 1702 2334 1924 2392; x_wconf 87' lang='lat' dir='ltr'><strong>tempore</strong></span> <span class='ocrx_word' id='word_1_237' title='bbox 1961 2344 2055 2376; x_wconf 91' lang='lat' dir='ltr'><strong>non</strong></span> <span class='ocrx_word' id='word_1_238' title='bbox 2094 2330 2407 2392; x_wconf 83' lang='lat' dir='ltr'><strong>periculosis,</strong></span> <span class='ocrx_word' id='word_1_239' title='bbox 2443 2332 2531 2380; x_wconf 86' lang='lat' dir='ltr'><strong>sed</strong></span> 
     </span>
     <span class='ocr_line' id='line_1_24' title="bbox 525 2411 1593 2476; baseline 0.003 -17"><span class='ocrx_word' id='word_1_240' title='bbox 525 2419 621 2461; x_wconf 83' lang='lat' dir='ltr'><strong>tum</strong></span> <span class='ocrx_word' id='word_1_241' title='bbox 659 2417 857 2476; x_wconf 88' lang='lat' dir='ltr'><strong>propter</strong></span> <span class='ocrx_word' id='word_1_242' title='bbox 892 2412 1105 2460; x_wconf 85' lang='lat' dir='ltr'><strong>hostium</strong></span> <span class='ocrx_word' id='word_1_243' title='bbox 1140 2411 1346 2460; x_wconf 86' lang='lat' dir='ltr'><strong>iusidias</strong></span> <span class='ocrx_word' id='word_1_244' title='bbox 1381 2413 1593 2462; x_wconf 77' lang='lat' dir='ltr'><strong>infestis.</strong></span> 
     </span>
     <span class='ocr_line' id='line_1_25' title="bbox 1473 2535 1588 2584; baseline 0.009 -2"><span class='ocrx_word' id='word_1_245' title='bbox 1473 2535 1588 2584; x_wconf 85' lang='lat' dir='ltr'><strong>ibid.</strong></span> 
     </span>
    </p>
   </div>
   <div class='ocr_carea' id='block_1_6' title="bbox 523 2620 2529 3114">
    <p class='ocr_par' dir='ltr' id='par_1_6' title="bbox 699 2620 2356 2685">
     <span class='ocr_line' id='line_1_26' title="bbox 699 2620 2356 2685; baseline 0 -14"><span class='ocrx_word' id='word_1_246' title='bbox 699 2629 862 2671; x_wconf 86' lang='lat' dir='ltr'><strong>cetera</strong></span> <span class='ocrx_word' id='word_1_247' title='bbox 899 2622 1094 2680; x_wconf 78' lang='lat' dir='ltr'><strong>limosa,</strong></span> <span class='ocrx_word' id='word_1_248' title='bbox 1131 2622 1323 2670; x_wconf 87' lang='lat' dir='ltr'><strong>tenacia</strong></span> <span class='ocrx_word' id='word_1_249' title='bbox 1358 2621 1500 2685; x_wconf 84' lang='lat' dir='ltr'><strong>gravi</strong></span> <span class='ocrx_word' id='word_1_250' title='bbox 1536 2635 1672 2668; x_wconf 81' lang='lat' dir='ltr'><strong>caeno</strong></span> <span class='ocrx_word' id='word_1_251' title='bbox 1710 2628 1796 2668; x_wconf 88' lang='lat' dir='ltr'><strong>aut</strong></span> <span class='ocrx_word' id='word_1_252' title='bbox 1829 2620 1950 2668; x_wconf 87' lang='lat' dir='ltr'><strong>rivis</strong></span> <span class='ocrx_word' id='word_1_253' title='bbox 1987 2621 2177 2670; x_wconf 87' lang='lat' dir='ltr'><strong>incerta</strong></span> <span class='ocrx_word' id='word_1_254' title='bbox 2209 2630 2356 2673; x_wconf 85' lang='lat' dir='ltr'><strong>erant.</strong></span> 
     </span>
    </p>

    <p class='ocr_par' dir='ltr' id='par_1_7' title="bbox 523 2703 2529 3114">
     <span class='ocr_line' id='line_1_27' title="bbox 664 2703 2529 2770; baseline 0.002 -17"><span class='ocrx_word' id='word_1_255' title='bbox 664 2703 973 2754; x_wconf 84' lang='lat' dir='ltr'><strong>Vocabulum</strong></span> <span class='ocrx_word' id='word_1_256' title='bbox 993 2705 1566 2764; x_wconf 82' lang='lat' dir='ltr'><strong>„limosa“—·-verba:</strong></span> <span class='ocrx_word' id='word_1_257' title='bbox 1605 2707 1883 2764; x_wconf 85' lang='lat' dir='ltr'><strong>„tenacia</strong></span> <span class='ocrx_word' id='word_1_258' title='bbox 1918 2708 2098 2770; x_wconf 86' lang='lat' dir='ltr'><strong>gravi</strong></span> <span class='ocrx_word' id='word_1_259' title='bbox 2129 2722 2295 2755; x_wconf 80' lang='lat' dir='ltr'><strong>caeno</strong></span> <span class='ocrx_word' id='word_1_260' title='bbox 2325 2716 2423 2756; x_wconf 83' lang='lat' dir='ltr'><strong>aut</strong></span> <span class='ocrx_word' id='word_1_261' title='bbox 2459 2711 2529 2755; x_wconf 90' lang='lat' dir='ltr'><strong>ri-</strong></span> 
     </span>
     <span class='ocr_line' id='line_1_28' title="bbox 525 2790 2526 2858; baseline 0 -19"><span class='ocrx_word' id='word_1_262' title='bbox 525 2794 621 2841; x_wconf 83' lang='lat' dir='ltr'><strong>vis</strong></span> <span class='ocrx_word' id='word_1_263' title='bbox 665 2791 953 2839; x_wconf 86' lang='lat' dir='ltr'><strong>incerta“</strong></span> <span class='ocrx_word' id='word_1_264' title='bbox 1004 2792 1261 2854; x_wconf 83' lang='lat' dir='ltr'><strong>complecti</strong></span> <span class='ocrx_word' id='word_1_265' title='bbox 1306 2790 1508 2838; x_wconf 81' lang='lat' dir='ltr'><strong>videtur.</strong></span> <span class='ocrx_word' id='word_1_266' title='bbox 1583 2790 1762 2838; x_wconf 88' lang='lat' dir='ltr'><strong>Omnia</strong></span> <span class='ocrx_word' id='word_1_267' title='bbox 1808 2798 1946 2838; x_wconf 87' lang='lat' dir='ltr'><strong>erant</strong></span> <span class='ocrx_word' id='word_1_268' title='bbox 1993 2792 2200 2852; x_wconf 78' lang='lat' dir='ltr'><strong>limosa,</strong></span> <span class='ocrx_word' id='word_1_269' title='bbox 2240 2801 2287 2839; x_wconf 86' lang='lat' dir='ltr'><strong>et</strong></span> <span class='ocrx_word' id='word_1_270' title='bbox 2333 2794 2526 2858; x_wconf 86' lang='lat' dir='ltr'><strong>quidem</strong></span> 
     </span>
     <span class='ocr_line' id='line_1_29' title="bbox 524 2874 2526 2942; baseline -0.001 -17"><span class='ocrx_word' id='word_1_271' title='bbox 524 2886 607 2925; x_wconf 91' lang='lat' dir='ltr'><strong>aut</strong></span> <span class='ocrx_word' id='word_1_272' title='bbox 644 2877 784 2942; x_wconf 86' lang='lat' dir='ltr'><strong>gravi</strong></span> <span class='ocrx_word' id='word_1_273' title='bbox 821 2891 960 2926; x_wconf 81' lang='lat' dir='ltr'><strong>eaeno</strong></span> <span class='ocrx_word' id='word_1_274' title='bbox 995 2876 1206 2935; x_wconf 84' lang='lat' dir='ltr'><strong>tenacia,</strong></span> <span class='ocrx_word' id='word_1_275' title='bbox 1245 2880 1300 2923; x_wconf 79' lang='lat' dir='ltr'><strong>ut</strong></span> <span class='ocrx_word' id='word_1_276' title='bbox 1331 2874 1670 2941; x_wconf 87' lang='lat' dir='ltr'><strong>ingredientes</strong></span> <span class='ocrx_word' id='word_1_277' title='bbox 1705 2875 1758 2923; x_wconf 90' lang='lat' dir='ltr'><strong>in</strong></span> <span class='ocrx_word' id='word_1_278' title='bbox 1809 2875 1924 2923; x_wconf 87' lang='lat' dir='ltr'><strong>limo</strong></span> <span class='ocrx_word' id='word_1_279' title='bbox 1972 2877 2240 2937; x_wconf 78' lang='lat' dir='ltr'><strong>haererent,</strong></span> <span class='ocrx_word' id='word_1_280' title='bbox 2278 2885 2361 2924; x_wconf 82' lang='lat' dir='ltr'><strong>aut</strong></span> <span class='ocrx_word' id='word_1_281' title='bbox 2409 2877 2526 2923; x_wconf 87' lang='lat' dir='ltr'><strong>rivis</strong></span> 
     </span>
     <span class='ocr_line' id='line_1_30' title="bbox 528 2960 2526 3027; baseline -0.002 -15"><span class='ocrx_word' id='word_1_282' title='bbox 528 2965 716 3013; x_wconf 77' lang='lat' dir='ltr'><strong>incerta</strong></span> <span class='ocrx_word' id='word_1_283' title='bbox 751 2960 786 3009; x_wconf 90' lang='lat' dir='ltr'><strong>i.</strong></span> <span class='ocrx_word' id='word_1_284' title='bbox 823 2975 868 3010; x_wconf 86' lang='lat' dir='ltr'><strong>e.</strong></span> <span class='ocrx_word' id='word_1_285' title='bbox 906 2962 1161 3010; x_wconf 82' lang='lat' dir='ltr'><strong>conc-isa</strong></span> <span class='ocrx_word' id='word_1_286' title='bbox 1202 2962 1384 3022; x_wconf 88' lang='lat' dir='ltr'><strong>rivis,</strong></span> <span class='ocrx_word' id='word_1_287' title='bbox 1422 2962 1505 3027; x_wconf 87' lang='lat' dir='ltr'><strong>qui</strong></span> <span class='ocrx_word' id='word_1_288' title='bbox 1538 2962 1774 3010; x_wconf 77' lang='lat' dir='ltr'><strong>incertum</strong></span> <span class='ocrx_word' id='word_1_289' title='bbox 1811 2962 1904 3010; x_wconf 90' lang='lat' dir='ltr'><strong>iter</strong></span> <span class='ocrx_word' id='word_1_290' title='bbox 1938 2962 2219 3022; x_wconf 84' lang='lat' dir='ltr'><strong>reddebant,</strong></span> <span class='ocrx_word' id='word_1_291' title='bbox 2258 2976 2399 3025; x_wconf 84' lang='lat' dir='ltr'><strong>quum</strong></span> <span class='ocrx_word' id='word_1_292' title='bbox 2434 2961 2526 3008; x_wconf 83' lang='lat' dir='ltr'><strong>du-</strong></span> 
     </span>
     <span class='ocr_line' id='line_1_31' title="bbox 523 3045 1916 3114; baseline 0.001 -17"><span class='ocrx_word' id='word_1_293' title='bbox 523 3049 656 3097; x_wconf 88' lang='lat' dir='ltr'><strong>bium</strong></span> <span class='ocrx_word' id='word_1_294' title='bbox 699 3052 853 3107; x_wconf 82' lang='lat' dir='ltr'><strong>esset,</strong></span> <span class='ocrx_word' id='word_1_295' title='bbox 891 3063 1005 3097; x_wconf 87' lang='lat' dir='ltr'><strong>num</strong></span> <span class='ocrx_word' id='word_1_296' title='bbox 1043 3047 1091 3096; x_wconf 87' lang='lat' dir='ltr'><strong>hi</strong></span> <span class='ocrx_word' id='word_1_297' title='bbox 1127 3046 1227 3096; x_wconf 88' lang='lat' dir='ltr'><strong>rivi-</strong></span> <span class='ocrx_word' id='word_1_298' title='bbox 1254 3045 1403 3097; x_wconf 82' lang='lat' dir='ltr'><strong>facile</strong></span> <span class='ocrx_word' id='word_1_299' title='bbox 1439 3049 1660 3114; x_wconf 86' lang='lat' dir='ltr'><strong>superari</strong></span> <span class='ocrx_word' id='word_1_300' title='bbox 1693 3055 1916 3113; x_wconf 85' lang='lat' dir='ltr'><strong>possent.</strong></span> 
     </span>
    </p>
   </div>
   <div class='ocr_carea' id='block_1_7' title="bbox 522 3161 2528 3276">
    <p class='ocr_par' dir='ltr' id='par_1_8' title="bbox 522 3161 2528 3276">
     <span class='ocr_line' id='line_1_32' title="bbox 620 3161 2528 3208; baseline -0.001 -9"><span class='ocrx_word' id='word_1_301' title='bbox 620 3164 833 3207; x_wconf 70' lang='lat' dir='ltr'><strong>¹)Vidimus,</strong></span> <span class='ocrx_word' id='word_1_302' title='bbox 859 3175 965 3208; x_wconf 79' lang='lat' dir='ltr'><strong>quum</strong></span> <span class='ocrx_word' id='word_1_303' title='bbox 989 3165 1066 3198; x_wconf 78' lang='lat' dir='ltr'><strong>haec</strong></span> <span class='ocrx_word' id='word_1_304' title='bbox 1089 3163 1205 3198; x_wconf 69' lang='lat' dir='ltr'><strong>literis</strong></span> <span class='ocrx_word' id='word_1_305' title='bbox 1225 3161 1302 3206; x_wconf 73' lang='lat' dir='ltr'><strong>jam</strong></span> <span class='ocrx_word' id='word_1_306' title='bbox 1327 3165 1497 3198; x_wconf 68' lang='lat' dir='ltr'><strong>mandata</strong></span> <span class='ocrx_word' id='word_1_307' title='bbox 1521 3167 1661 3207; x_wconf 73' lang='lat' dir='ltr'><strong>essent,</strong></span> <span class='ocrx_word' id='word_1_308' title='bbox 1683 3172 1708 3199; x_wconf 73' lang='lat' dir='ltr'><strong>a</strong></span> <span class='ocrx_word' id='word_1_309' title='bbox 1724 3163 1914 3199; x_wconf 76' lang='lat' dir='ltr'><strong>Rittero</strong></span> <span class='ocrx_word' id='word_1_310' title='bbox 1939 3165 2205 3200; x_wconf 73' lang='lat' dir='ltr'><strong>universum</strong></span> <span class='ocrx_word' id='word_1_311' title='bbox 2228 3165 2361 3198; x_wconf 75' lang='lat' dir='ltr'><strong>locun:</strong></span> <span class='ocrx_word' id='word_1_312' title='bbox 2386 3166 2451 3207; x_wconf 77' lang='lat' dir='ltr'><strong>„et</strong></span> <span class='ocrx_word' id='word_1_313' title='bbox 2470 3162 2528 3198; x_wconf 79' lang='lat' dir='ltr'><strong>ln·</strong></span> 
     </span>
     <span class='ocr_line' id='line_1_33' title="bbox 522 3225 1696 3276; baseline 0 -16"><span class='ocrx_word' id='word_1_314' title='bbox 522 3225 595 3271; x_wconf 81' lang='lat' dir='ltr'><strong>jeci</strong></span> <span class='ocrx_word' id='word_1_315' title='bbox 622 3246 658 3252; x_wconf 95' lang='lat'><strong>—</strong></span> <span class='ocrx_word' id='word_1_316' title='bbox 693 3236 890 3269; x_wconf 68' lang='lat' dir='ltr'><strong>perpessus</strong></span> <span class='ocrx_word' id='word_1_317' title='bbox 921 3228 1028 3260; x_wconf 77' lang='grc' dir='ltr'>ιιιιιιι“</span> <span class='ocrx_word' id='word_1_318' title='bbox 1057 3244 1093 3251; x_wconf 91' lang='grc'>-</span> <span class='ocrx_word' id='word_1_319' title='bbox 1123 3235 1186 3269; x_wconf 83' lang='lat' dir='ltr'><strong>pro</strong></span> <span class='ocrx_word' id='word_1_320' title='bbox 1209 3226 1538 3262; x_wconf 71' lang='lat' dir='ltr'><strong>translatione</strong></span> <span class='ocrx_word' id='word_1_321' title='bbox 1560 3225 1696 3276; x_wconf 63' lang='lat' dir='ltr'><strong>haberi.</strong></span> 
     </span>
    </p>
   </div>
   <div class='ocr_carea' id='block_1_8' title="bbox 525 3303 2533 3456">
    <p class='ocr_par' dir='ltr' id='par_1_9' title="bbox 525 3303 2533 3456">
     <span class='ocr_line' id='line_1_34' title="bbox 619 3303 2533 3353; baseline 0.001 -15"><span class='ocrx_word' id='word_1_322' title='bbox 619 3304 651 3347; x_wconf 82' lang='lat'><strong>²)</strong></span> <span class='ocrx_word' id='word_1_323' title='bbox 679 3307 762 3339; x_wconf 80' lang='lat' dir='ltr'><strong>Tac.</strong></span> <span class='ocrx_word' id='word_1_324' title='bbox 787 3308 931 3353; x_wconf 64' lang='lat' dir='ltr'><strong>Annali.</strong></span> <span class='ocrx_word' id='word_1_325' title='bbox 958 3315 1106 3349; x_wconf 82' lang='lat' dir='ltr'><strong>recogn.</strong></span> <span class='ocrx_word' id='word_1_326' title='bbox 1133 3306 1305 3348; x_wconf 75' lang='lat' dir='ltr'><strong>brevique</strong></span> <span class='ocrx_word' id='word_1_327' title='bbox 1329 3313 1413 3340; x_wconf 71' lang='lat' dir='ltr'><strong>ann.</strong></span> <span class='ocrx_word' id='word_1_328' title='bbox 1437 3306 1538 3340; x_wconf 75' lang='lat' dir='ltr'><strong>instr.</strong></span> <span class='ocrx_word' id='word_1_329' title='bbox 1563 3306 1623 3340; x_wconf 76' lang='lat' dir='ltr'><strong>Fr.</strong></span> <span class='ocrx_word' id='word_1_330' title='bbox 1645 3307 1776 3341; x_wconf 76' lang='lat' dir='ltr'><strong>Ritter.</strong></span> <span class='ocrx_word' id='word_1_331' title='bbox 1824 3307 1956 3341; x_wconf 79' lang='lat' dir='ltr'><strong>Bonnae</strong></span> <span class='ocrx_word' id='word_1_332' title='bbox 1981 3307 2026 3340; x_wconf 83' lang='lat' dir='ltr'><strong>ad</strong></span> <span class='ocrx_word' id='word_1_333' title='bbox 2050 3305 2167 3339; x_wconf 74' lang='lat' dir='ltr'><strong>Rhea.</strong></span> <span class='ocrx_word' id='word_1_334' title='bbox 2193 3303 2297 3339; x_wconf 77' lang='lat'><strong>1884.</strong></span> <span class='ocrx_word' id='word_1_335' title='bbox 2322 3305 2370 3339; x_wconf 82' lang='lat' dir='ltr'><strong>Jn</strong></span> <span class='ocrx_word' id='word_1_336' title='bbox 2394 3303 2533 3350; x_wconf 73' lang='lat' dir='ltr'><strong>majore</strong></span> 
     </span>
     <span class='ocr_line' id='line_1_35' title="bbox 525 3366 2335 3456; baseline 0.001 -55"><span class='ocrx_word' id='word_1_337' title='bbox 525 3368 609 3402; x_wconf 79' lang='lat' dir='ltr'><strong>edit.</strong></span> <span class='ocrx_word' id='word_1_338' title='bbox 636 3367 744 3401; x_wconf 69' lang='lat'><strong>1848.</strong></span> <span class='ocrx_word' id='word_1_339' title='bbox 768 3367 932 3410; x_wconf 57' lang='lat' dir='ltr'><strong>littteras</strong></span> <span class='ocrx_word' id='word_1_340' title='bbox 957 3367 1048 3402; x_wconf 75' lang='lat' dir='ltr'><strong>hunc</strong></span> <span class='ocrx_word' id='word_1_341' title='bbox 1074 3366 1188 3402; x_wconf 74' lang='lat' dir='ltr'><strong>locun</strong></span> <span class='ocrx_word' id='word_1_342' title='bbox 1211 3376 1282 3402; x_wconf 84' lang='grc' dir='ltr'>ιιοιι</span> <span class='ocrx_word' id='word_1_343' title='bbox 1305 3368 1462 3411; x_wconf 67' lang='lat' dir='ltr'><strong>attingit.</strong></span> <span class='ocrx_word' id='word_1_344' title='bbox 2307 3413 2335 3456; x_wconf 77' lang='grc'>4</span> 
     </span>
    </p>
   </div>
  </div>
 </body>
</html>
