2960 3806
1410 264 1478 332 <3
1514 257 1548 315 8
1584 263 1652 330 3>

1308 406 1347 465 1,
1389 403 1468 452 ιτ.
1506 401 1612 464 (Al.
1639 398 1760 458 in).

1143 494 1313 540 velut
1350 485 1916 537 concion-abundus

664 602 995 664 opponuntur
1032 598 1135 644 baec
1174 595 1325 641 verba
1360 592 1443 649 iis,
1459 604 1603 653 sqnae·
1627 588 1674 636 Τ
1687 606 1716 636 a
1729 605 1756 636 c
1769 589 1887 636 itus
1933 594 2080 636 antea
2128 588 2340 648 dixerat,
2381 591 2535 649 „Per-

521 688 747 736 cennium
771 682 1031 747 impulisse
1062 680 1318 742 imperitos
1351 677 1546 727 uiuimus
1565 701 1630 712 --
1649 692 1680 737 p
1694 690 1724 720 a
1739 690 1767 720 u
1782 673 1950 723 latim
1979 689 2055 721 no
2067 689 2095 719 c
2108 675 2273 723 turni
2286 689 2312 721 s
2347 691 2374 721 e
2385 692 2416 722 ο
2428 675 2469 722 ll
2482 689 2539 722 ον

521 771 713 837 quiis,
758 777 844 818 aut
889 767 1061 816 flexo
1109 765 1172 812 in
1223 778 1553 826 vesperam
1587 760 1708 808 die
1754 767 1803 808 et
1846 759 2126 824 dilapsis
2169 762 2536 812 melioribus

520 857 921 908 deterrimum
960 869 1032 916 qu
1049 866 1260 915 emque
1298 851 1798 913 congregasse“.
1833 900 1836 904 ⁴
1872 845 2000 894 Tum
2037 845 2195 913 enim,
2245 848 2387 912 quasi
2433 863 2534 896 mu-

519 961 615 992 nus
662 957 806 993 suum
854 945 1010 997 esset,
1057 953 1088 1001 p
1104 934 1202 983 ubl
1217 935 1267 983 ic
1279 950 1306 980 e
1343 934 1535 982 animos
1586 933 1651 980 ad
1702 931 1997 980 seditionem
2045 930 2235 996 irritare
2248 967 2265 991 ‚
2314 949 2343 980 a
2358 949 2388 997 p
2403 950 2430 981 e
2441 940 2536 980 rte

518 1036 666 1091 atque
703 1027 793 1074 int
808 1039 836 1073 e
848 1024 905 1071 rd
917 1024 935 1071 i
947 1040 977 1071 u
1023 1020 1424 1070 concionabatur.
1496 1018 1671 1082 (Verte
1686 1034 1700 1065 z
1737 1016 1849 1077 „als
1866 1066 1870 1070 ,
1888 1016 2033 1065 haeue
2082 1030 2135 1062 er
2180 1018 2426 1067 amtlich
2475 1034 2536 1067 zu

519 1109 841 1177 sprechen“).

1474 1244 1592 1293 ibid.

715 1346 1083 1398 ut——isdem'
1107 1345 1166 1394 in
1203 1345 1425 1393 castris
1461 1345 1712 1407 praemium
1749 1341 2018 1407 pecunia
2053 1343 2347 1391 solveretur.

657 1450 852 1511 isdem
879 1462 938 1508 in
961 1460 1191 1507 castris
1211 1466 1329 1507 =ut
1347 1457 1504 1507 isdem
1524 1459 1575 1507 in
1595 1458 1791 1519 castriS,
1820 1458 1870 1506 in
1890 1457 2065 1523 quibus
2090 1456 2537 1521 stipendiorum

516 1553 631 1600 finis
666 1550 826 1606 fleret,
866 1546 1080 1594 statIm
1118 1549 1262 1609 post
1296 1544 1486 1591 finem
1524 1543 1992 1608 stipendiorum
2028 1539 2279 1607 praemium
2316 1543 2534 1593 solvere-

515 1645 593 1685 tur
630 1638 709 1697 (ut
745 1631 860 1681 finis
898 1629 1348 1695 stipendiorum
1383 1629 1631 1679 militiae
1668 1642 1862 1693 quoque
1899 1627 2045 1676 finem
2094 1626 2336 1686 adferret,
2375 1643 2534 1693 neque

515 1712 707 1769 dimissi
742 1716 869 1766 ultra
906 1716 997 1764 sub
1019 1712 1220 1764 vexillis
1252 1714 1614 1773 retinerentur).
1652 1713 1762 1763 Dio
1799 1710 2014 1771 “fist-sut
2041 1717 2166 1766 ἆθλα
2195 1721 2367 1774 εὐθὺς
2396 1722 2535 1770 αὐτοῦ

511 1807 561 1859 ἓν
588 1803 648 1871 τῷ
676 1810 957 1871 στρατοπέδῳ
976 1809 1217 1865 λαμβάνειν
1246 1807 1407 1868 ἠξίουν.

667 1892 969 1958 pecunia)
1022 1907 1179 1954 neque
1229 1905 1348 1939 vero
1404 1889 1567 1954 agris
1615 1890 1965 1938 infecundis
2017 1892 2091 1954 (v.
2145 1891 2240 1939 boc
2289 1910 2331 1940 c.
2379 1894 2530 1941 med.:

512 1979 676 2041 „trahi
715 1978 942 2026 diversas
984 1977 1035 2024 in
1071 1984 1247 2035 terras,
1286 1975 1368 2023 ubi
1403 1992 1493 2039 per
1528 1993 1705 2024 nomen
1753 1992 1984 2041 agrorum
2032 1975 2316 2042 uligines
2361 1979 2529 2041 palu-

515 2067 647 2115 dum
683 2065 765 2112 vel
801 2059 1046 2110 inculta
1083 2062 1383 2109 montium
1421 2060 1749 2123 accipiant-⁶⁶)
1918 2050 1920 2055 Α

1440 2200 1479 2261 l,
1520 2198 1602 2249 18.

583 2313 837 2372 postremo
877 2321 937 2353 eo
974 2305 1155 2352 furoris
1198 2320 1404 2363 venere,
1443 2313 1495 2352 ut
1530 2311 1632 2352 tres
1681 2304 1911 2368 legiones
1954 2306 2165 2354 miscere
2211 2309 2262 2355 in
2311 2323 2457 2356 unam

627 2391 940 2456 agitaverint·
1018 2389 1229 2453 Depulsi
1277 2388 1616 2449 aemulatione,
1665 2391 1777 2453 quia
1826 2406 1928 2438 suae
1977 2391 2183 2457 quisque
2228 2391 2416 2459 legioni

915 2491 1045 2524 eum
1095 2477 1396 2524 honorem
1434 2476 1733 2539 quaerebant,
1772 2476 1872 2524 alio
1909 2484 2115 2525 vertunt.

640 2594 829 2642 Verba:
853 2611 1015 2654 „eum
1047 2594 1403 2654 bonorem“‚
1431 2593 1482 2642 in
1509 2592 1684 2657 quibus
1713 2594 1909 2643 obscuri
1940 2595 2055 2659 quid
2083 2594 2230 2658 inest,
2254 2597 2323 2645 ita
2347 2598 2526 2648 intelli-

507 2681 692 2748 genda:
742 2696 909 2739 „eum
970 2680 1282 2738 honorem,
1332 2695 1505 2742 quem
1563 2680 1686 2727 trib
1703 2697 1769 2727 us
1823 2679 2189 2744 legionibus
2248 2684 2304 2730 in
2356 2700 2525 2732 unam

505 2765 856 2815 miscendis
893 2765 1168 2829 adipisci
1207 2764 1470 2828 quisque
1517 2769 1789 2828 possct“·
1863 2764 2199 2814 Honorificum
2250 2769 2379 2816 enim
2429 2769 2523 2816 sibi

504 2852 713 2916 quisque
750 2848 801 2897 id
839 2849 1173 2908 existimabat,
1213 2850 1257 2897 si
1294 2849 1406 2898 huic
1443 2849 1631 2915 legioni
1667 2866 1732 2897 ex
1770 2850 1925 2897 tribus
1961 2852 2229 2900 miscendae
2278 2870 2402 2903 suae
2448 2856 2522 2903 le·-

502 2932 707 3002 gionis
743 2951 924 2984 nomen
961 2933 1226 2993 inderetur,
1265 2933 1310 2983 si
1351 2951 1475 2984 suae
1512 2936 1784 3000 legionis
1810 2937 2099 2983 retineretur
2122 2940 2306 3003 aquila,
2344 2956 2373 2987 e
2400 2955 2523 2989 sua

502 3020 758 3086 legione
795 3021 898 3069 dux
935 3027 1183 3069 crearetur
1219 3027 1267 3067 ct
1304 3029 1396 3068 cet.
1435 3022 1496 3068 cf.
1535 3021 1615 3067 Fr.
1652 3021 1968 3069 Ritterum
2005 3022 2068 3068 ad
2106 3023 2148 3070 h.
2190 3023 2269 3072 l.¹)

587 3266 618 3314 ¹)
646 3268 801 3308 cornelli
826 3273 943 3308 Taciti
965 3275 1085 3317 opera
1112 3274 1322 3318 cantabrig.
1343 3273 1446 3308 1848.
