2960 3806
1364 317 1639 386 (ἑέῐῗῧ

496 471 768 522 moverant,
807 455 903 508 non
942 466 1080 507 erant
1118 458 1266 507 novi
1303 458 1555 515 milites,
1593 463 1730 504 ante
1769 452 2097 520 stipendia
2135 466 2509 509 sacramento

496 546 815 613 adigendi,
853 546 942 593 sed
979 544 1294 601 veterani,
1332 542 1413 604 qui
1443 545 1568 603 jam
1607 541 1822 590 dudum
1859 543 1910 590 in
1948 545 2095 589 verba
2122 545 2338 592 Caesaris
2368 550 2508 607 Jura·
2555 591 2558 597 ,

496 640 683 682 verant.
722 630 1097 680 Sacramentum
1115 635 1278 676 autem
1317 627 1470 675 semel
1508 624 1688 674 dictum
1727 645 1755 674 a
1792 626 2041 687 militibus,
2082 646 2226 693 quam
2250 629 2333 678 diu
2370 645 2512 679 eun·

493 720 624 767 dem
661 716 911 764 habebant
946 716 1136 772 ducem,
1174 714 1395 761 iteratum
1431 726 1567 772 esse,
1607 713 1840 760 credibile
1876 728 1974 760 non
2020 719 2115 761 est.
2188 715 2336 774 Quod
2386 717 2512 764 enim

495 804 674 851 W'ols
678 802 770 851 ius
806 802 878 865 (v.
922 801 1056 848 Edit.
1105 798 1281 847 Bekk
1296 798 1412 863 eri)
1455 798 1520 847 ad
1571 798 1667 858 1,8.
1715 797 1854 847 dicit:
1909 799 2114 859 „militis
2158 809 2517 851 sacramentum

497 888 709 955 singulis
746 889 892 934 anni-3
928 887 1172 944 renovari,
1214 886 1362 933 moris
1398 886 1612 944 fuisse,“
1651 910 1720 919 —-
1753 884 1803 932 id
1840 886 2136 949 argumentis
2175 901 2343 936 carere
2380 892 2430 936 et
2466 888 2517 935 in

495 977 558 1022 iis
608 972 792 1022 tantum
841 973 1008 1019 valere
1055 971 1245 1019 videtur
1289 970 1553 1029 militibus,
1603 970 1777 1034 quibus
1831 969 1946 1018 novi
1998 968 2277 1036 singulis
2325 975 2515 1023 annis

497 1061 649 1109 duces
697 1058 1116 1126 praeponebantur.
1198 1056 1382 1107 Eorum
1435 1056 1670 1122 quoque,
1705 1057 1837 1121 apud
1879 1073 2002 1121 quos
2049 1058 2191 1122 hujus
2227 1062 2297 1108 rei
2334 1063 2514 1110 mentio

498 1155 591 1207 est,
630 1147 923 1209 scriptorum
959 1143 1124 1207 (Suet.
1164 1144 1291 1194 Caes.
1330 1143 1412 1192 70.
1451 1143 1671 1192 Frontin.
1715 1141 1868 1203 1,9‚4.
1908 1144 2004 1193 Dio
2041 1143 2200 1203 4252
2237 1162 2341 1210 sqq.
2381 1147 2509 1198 Plut.

499 1236 627 1284 Caes·
674 1230 758 1280 51.
801 1230 929 1294 App.
968 1227 1092 1277 Bell.
1140 1230 1233 1278 civ,
1281 1229 1405 1289 292
1458 1245 1567 1295 sqq.
1605 1229 1829 1294 Polyaen.
1880 1228 2119 1292 S‚23,15)
2166 1231 2328 1280 nullus
2376 1233 2517 1308 dicit,

498 1320 729 1388 milites
766 1317 882 1365 hos
918 1331 1279 1377 recusasse,
1319 1316 1668 1381 quominus
1705 1313 1947 1364 militiae
1984 1326 2391 1366 sacramento
2418 1321 2517 1368 ob—

499 1406 870 1470 ligarentur,
926 1401 1015 1448 sed
1073 1403 1123 1449 in
1180 1402 1487 1449 universum:
1542 1400 1956 1460 „seditionem
2005 1416 2114 1448 eos
2169 1401 2510 1452 movisse.“

497 1490 665 1540 Etiam
701 1486 830 1535 Hist.
867 1484 991 1547 3,42
1018 1475 1214 1547 (,,ί“ὶ’(1ι18
1232 1484 1452 1545 Vitellio,
1491 1501 1560 1533 cu
1566 1488 1672 1548 jus
1710 1492 2145 1534 sacramentum
2170 1489 2359 1536 cunctis
2378 1492 2514 1539 circa

498 1574 762 1627 hostilibus
800 1572 1052 1621 nondum
1090 1570 1407 1633 exuerat“)
1445 1578 1840 1630 „sacramentum
1883 1572 2084 1634 alicuj
2105 1578 2210 1620 us“
2232 1590 2329 1621 non
2361 1585 2514 1622 est=

499 1666 893 1722 „sacramentum
911 1648 1058 1706 alicui
1077 1657 1107 1705 d
1119 1657 1137 1705 i
1147 1670 1176 1705 c
1187 1673 1214 1704 e
1227 1656 1297 1704 nd
1308 1674 1336 1705 u
1347 1659 1451 1715 m“,
1474 1656 1564 1704 sed
1575 1676 1632 1699 =
1647 1666 2041 1716 „sacramentum
2067 1658 2216 1707 alicui
2235 1660 2262 1705 d
2277 1661 2293 1707 i
2305 1674 2334 1708 c
2348 1669 2402 1708 tu
2415 1666 2517 1708 m.“

499 1745 665 1804 Quare
704 1743 927 1807 equidem
965 1741 1165 1790 credere
1201 1740 1384 1801 malim,
1423 1742 1587 1790 verbis
1625 1758 1987 1800 „sacramen
2006 1751 2125 1789 tum
2178 1749 2349 1809 ejus“
2398 1747 2442 1794 h.
2480 1747 2511 1794 l.

501 1828 798 1895 significari:
839 1835 1230 1887 „sacramentum
1257 1826 1313 1874 ei
1347 1827 1616 1885 dictum“‚
1639 1843 1779 1891 quain
1799 1836 2190 1887 „sacramentum
2221 1832 2276 1877 ei
2306 1831 2516 1879 dicen-

504 1916 703 1973 dum“,
742 1921 790 1962 et
829 1915 1003 1961 xerba:
1049 1913 1166 1976 „qui
1203 1918 1561 1960 sacramentum
1604 1915 1710 1975 ejus
1747 1912 2116 1960 detrectabant“
2155 1915 2516 1979 interpretanda

501 2014 642 2049 esse:
680 2000 802 2064 „qui
836 2006 1188 2045 sacramentum
1227 1997 1272 2044 ei
1308 1997 1489 2045 dictum
1526 1995 1881 2055 detrectabant,
1919 2005 2145 2062 tanquam
2184 2018 2244 2048 eo
2283 2017 2385 2050 non
2408 2006 2517 2064 Jam

503 2084 892 2150 obligarentur“‚
923 2097 1081 2145 neque
1107 2079 1340 2129 vertenda
1367 2080 1444 2145 (id
1481 2080 1612 2146 quod
1650 2082 2029 2131 Gutmannus
2067 2085 2247 2148 aliique
2285 2086 2513 2149 faciunt):

495 2168 655 2231 ',‚die·
696 2169 807 2216 den
859 2165 981 2215 Eid
1034 2166 1156 2214 ihm
1210 2167 1737 2231 verweigerten“,
1793 2167 1906 2214 sed:
1960 2168 2099 2226 „die
2153 2171 2330 2218 ihren
2389 2171 2515 2220 Eid

507 2255 638 2313 (den
680 2253 799 2303 ihm
835 2251 1040 2300 frfiher
1075 2250 1516 2317 geschworneu
1554 2251 1695 2312 Eid)
1730 2252 1887 2301 nicht
1921 2255 2090 2302 mehr
2126 2255 2518 2307 anerkenuen

506 2339 817 2389 wollten.“
854 2366 923 2374 —-

644 2424 789 2473 Jdem
825 2423 1014 2471 videtur
1049 2424 1275 2471 sensisse
1313 2423 1735 2481 Baumannus‚
1775 2423 1856 2485 qui
1891 2424 2059 2471 vertit:
2100 2424 2218 2483 „die
2256 2425 2391 2474 ihren
2418 2427 2516 2476 Eid

505 2526 669 2575 gegen
704 2508 789 2557 ihu
828 2507 961 2555 nicht
999 2507 1245 2556 erkennen
1292 2508 1561 2567 wollten“‚
1600 2514 1650 2556 et
1698 2508 1747 2555 in
1796 2506 1996 2556 Annott·
2045 2508 2200 2556 addit:
2254 2511 2519 2569 „Sacra--

506 2601 767 2643 mentum
804 2592 1269 2650 detrectabant,
1298 2593 1551 2655 proxime:
1589 2592 1747 2640 nicht
1770 2591 2301 2655 leistenwollten,
2342 2599 2515 2645 sedex

508 2679 738 2728 historia:
774 2677 935 2728 nicht
985 2678 1201 2726 halten
1250 2677 1573 2726 wollten.“
1647 2677 1812 2726 Etiam
1850 2680 1908 2726 G.
1948 2678 2062 2728 Chr.
2101 2680 2516 2730 Herrmaunus

508 2765 639 2828 (Der
671 2764 871 2813 Jahrbb.
910 2761 1003 2813 des
1041 2763 1163 2812 Tac.
1188 2773 1189 2776 ’
1213 2761 1347 2812 1-6
1384 2763 1445 2813 Β.
1482 2764 1811 2812 verdeutscht.
1885 2766 2099 2813 Giessen
2140 2764 2302 2825 182⁷)
2350 2770 2516 2814 vertit:

510 2848 777 2909 „welche
815 2849 924 2899 der
971 2848 1088 2898 ihm
1123 2845 1410 2914 gelobten
1445 2847 1644 2898 'l'reue
1681 2855 2080 2914 vergassen“.

1457 2988 1574 3039 ibid.

576 3090 703 3137 hune
741 3107 836 3154 ego
883 3094 1094 3140 nuntium
1139 3093 1296 3155 patri,
1350 3092 1489 3137 laeta
1542 3091 1752 3137 omnia
1805 3089 1946 3138 aliis
2002 3107 2029 3137 e
2080 3088 2444 3156 provinciis

632 3174 934 3235 audienti,
994 3178 1220 3224 feram?
1272 3176 1430 3238 ipsius
1483 3176 1698 3234 tironeS,
1745 3177 1903 3240 ipsius
1955 3182 2245 3235 veteranOS‚
2292 3190 2392 3223 non

991 3259 1245 3319 missione,
1282 3275 1403 3309 non
1439 3261 1650 3326 pecunia
1686 3261 1897 3309 satiatos
1935 3266 2025 3309 eto.

648 3358 839 3408 Verba:
886 3359 1060 3421 „laeta
1107 3359 1304 3411 omnia
1339 3359 1477 3410 aliis
1526 3377 1553 3409 e
1590 3359 1947 3424 provinciis
1983 3356 2302 3406 audienti“
2344 3359 2515 3408 addita

1877 3450 1882 3454 '
2293 3440 2323 3485 3
