2960 3806
1426 319 1671 388 (ἓθῧ

531 460 648 512 inde
692 475 792 512 non
811 459 1039 520 efficitur,
1074 459 1278 510 eandem
1313 459 1433 508 tuti
1456 475 1499 508 s.
1520 475 1629 508 sec
1642 476 1670 507 ιι
1683 475 1708 508 ι·
1725 457 1909 509 itatis
1946 458 2197 511 notionem
2221 477 2335 514 non
2359 480 2390 530 p
2405 481 2435 515 o
2448 480 2516 515 ss
2529 482 2557 514 e

538 564 570 595 n
584 565 660 597 on
680 549 853 596 inesse
888 547 940 595 in
962 559 1091 593 voce
1128 544 1414 608 „longinq
1428 545 1571 592 uis.“
1606 543 1856 593 Praeterea
1882 545 2032 594 facile
2068 547 2375 614 intelligitur,
2413 551 2557 598 etiam

540 635 709 684 verbis
721 650 735 682 z
773 647 856 692 „m
867 631 962 680 ari
1000 629 1047 678 Ο
1059 647 1085 679 c
1099 643 1130 678 e
1141 645 1214 677 an
1228 634 1298 678 o“
1334 636 1587 692 utrumque
1610 630 1881 694 significari
1910 646 2083 694 posse,
2121 640 2172 681 et
2194 649 2243 681 m
2253 651 2283 683 a
2293 651 2328 700 g
2338 634 2393 684 ni
2403 644 2424 685 t
2433 652 2463 684 ιι
2475 637 2506 684 d
2516 635 2557 685 i-

542 734 574 766 n
588 732 680 767 em
717 724 767 766 et
803 731 870 765 se
883 731 951 765 cu
964 717 1072 764 rita
1084 722 1140 761 te
1153 730 1201 760 m
1238 712 1444 777 imperii.
1496 713 1663 761 Vocez
1700 712 1927 772 „amnib
1939 732 1968 762 ιι
1982 722 2066 776 s“‚
2086 746 2087 749 =
2105 719 2282 783 quippe
2319 736 2415 784 qua
2448 738 2493 769 ιιι
2503 736 2556 770 a·

534 808 602 867 j0
616 819 712 852 res
747 800 885 857 fluvii
919 798 1156 865 appellari
1193 798 1404 858 soleant,
1431 798 1714 846 laudatores
1731 799 1950 849 fortasse
1973 801 2231 851 declarare
2251 804 2442 866 volunt,
2468 814 2557 854 tu-

546 896 661 939 tum
688 886 847 936 fuisse
869 882 1144 948 imperium3
1180 883 1473 931 vocabulum
1489 900 1502 931 z
1526 883 1581 943 „1
1594 900 1624 931 o
1635 883 1767 947 ugiu
1781 900 1811 947 q
1821 900 1848 932 u
1860 885 1950 932 is“
1988 903 2007 932 x
2021 900 2107 935 ero
2135 894 2220 935 aut
2249 889 2314 936 ad
2344 905 2387 937 m
2399 907 2508 955 agn
2519 892 2558 939 i-

541 983 560 1021 t
576 992 607 1022 u
621 974 680 1021 di
693 989 722 1020 n
733 987 762 1021 e
775 988 824 1018 m
857 978 943 1019 aut
964 970 1028 1017 ad
1065 986 1090 1017 s
1103 983 1133 1017 e
1147 983 1177 1017 c
1191 966 1279 1016 uri
1290 975 1413 1016 tate
1425 985 1469 1015 m
1499 966 1688 1031 imperii
1711 974 1876 1032 potest
1910 970 2096 1030 referri,
2122 970 2192 1020 ita
2223 979 2273 1020 ut
2298 988 2390 1021 nec
2420 973 2506 1023 Ha
2519 976 2559 1021 l·

539 1059 643 1109 mii
679 1072 774 1107 nec
810 1056 942 1105 alio
952 1071 976 1104 r
986 1069 1075 1104 um
1110 1055 1427 1117 interpretum
1464 1051 1714 1103 sententia
1749 1054 1972 1103 videatur
2009 1056 2209 1105 omnino
2247 1056 2533 1120 rejicienda.

1466 1207 1505 1265 1,
1553 1206 1631 1254 11.

606 1308 815 1367 Patres,
866 1309 1041 1372 quibus
1091 1323 1215 1355 unus
1260 1313 1438 1365 metus,
1486 1304 1543 1354 si
1589 1305 1954 1372 intelligere
1998 1309 2381 1370 viderentur,
2441 1315 2489 1362 in

642 1400 867 1458 questus,
904 1391 1153 1452 lacrimas,
1190 1399 1308 1440 vota
1345 1389 1556 1449 effundi3
1593 1389 1660 1440 ad
1697 1391 1840 1451 deos,
1863 1393 1928 1442 ad
1965 1392 2181 1458 effigiem
2217 1395 2452 1459 Augusti,

675 1468 745 1527 ad
781 1493 947 1542 genua
981 1479 1140 1540 ipsius
1190 1492 1362 1524 manus
1399 1475 1622 1535 tendere,
1661 1493 1784 1524 cum
1820 1479 2097 1542 proferri
2133 1465 2417 1529 libellum

1227 1558 1617 1624 recitarique
1657 1564 1877 1624 jussit.

691 1665 737 1713 si
781 1664 1154 1728 intelligere
1190 1665 1574 1726 viderentur)
1597 1682 1668 1712 sc.
1707 1664 1899 1713 Tiberii
1934 1669 2312 1715 simulationem.
2368 1670 2557 1718 Metue-

535 1756 653 1800 bant
687 1752 882 1808 Patres,
934 1767 996 1797 ne
1032 1751 1151 1796 iram
1188 1748 1449 1813 odiumque
1488 1749 1678 1797 'riberii
1712 1750 1764 1798 in
1806 1765 1865 1799 se
1914 1760 2282 1813 converterent,
2320 1754 2366 1802 si
2414 1757 2556 1803 intel*

534 1839 691 1903 ligere
727 1835 1026 1895 viderentur,
1065 1848 1192 1895 eum,
1231 1832 1517 1882 dominandi
1554 1833 1946 1900 cupidissimum,
1972 1837 2270 1886 simulate
2307 1840 2557 1906 imperium

534 1936 784 1971 recusare.

674 2009 871 2057 Verba:
907 2006 1220 2072 „proferri
1268 2004 1549 2054 libellum
1585 2005 1978 2072 recitarique
2008 2012 2254 2072 jussit“
2282 2010 2554 2078 explicatu-

534 2110 620 2144 rus
646 2089 984 2157 Ruperti¹)
1018 2108 1046 2139 e
1074 2090 1251 2156 Lipsio
1289 2091 1452 2140 addit:
1489 2099 1593 2152 „ut
1629 2092 2024 2143 videreretur
2059 2095 2269 2146 flexus
2306 2096 2556 2161 paulum

536 2187 595 2229 et
630 2180 949 2242 imperium
985 2182 1399 2239 accepturus,
1439 2177 1539 2225 ubi
1585 2193 1770 2225 curas
1808 2180 2221 2243 susciperet“.
2292 2181 2361 2229 At
2398 2181 2554 2229 Tibe-

534 2266 661 2312 rium
698 2279 778 2322 eo,
817 2262 947 2327 quod
983 2262 1113 2309 hunc
1149 2261 1388 2320 libellum,
1439 2278 1536 2325 quo
1582 2278 1707 2326 opes
1756 2264 1966 2327 publicae
2013 2263 2403 2324 continerentur,
2441 2282 2554 2329 pro-

535 2351 652 2396 ferri
686 2346 979 2411 recitarique
1008 2347 1180 2409 jussit,
1219 2360 1366 2394 curas
1403 2347 1597 2409 imperii
1633 2349 1940 2411 suscepisse,
1978 2350 2139 2396 minus
2175 2355 2308 2396 recte
2350 2350 2553 2397 dixeris.

534 2433 683 2481 Haud
716 2433 847 2492 scio,
885 2447 951 2479 an
986 2432 1169 2478 rectius
1217 2430 1387 2490 dicaS,
1439 2429 1710 2491 Tiberium,
1750 2433 1833 2495 qui
1877 2434 2031 2497 probe
2068 2440 2271 2494 nosset,
2309 2435 2402 2483 hac
2444 2435 2554 2499 ipsa

535 2519 950 2583 tergiversatione
985 2517 1053 2575 id,
1094 2517 1224 2580 quod
1263 2516 1432 2576 vellet,
1472 2534 1527 2564 se
1556 2519 1741 2581 optime
1771 2525 2131 2579 assecuturum,
2168 2521 2219 2567 in
2239 2520 2553 2568 simulatione

534 2610 965 2667 perseverantem,
1013 2603 1189 2665 opibus
1237 2601 1478 2664 publicis,
1526 2618 1634 2666 quae
1686 2603 1781 2651 hoc
1828 2602 1996 2650 libello
2047 2605 2439 2663 continerentur,
2489 2606 2552 2651 ob

537 2689 713 2736 oculos
750 2688 931 2750 positis
970 2685 1150 2734 docere
1175 2687 1416 2745 voluisse,
1445 2703 1614 2735 unum
1650 2687 2049 2736 administrandae
2083 2689 2200 2737 toti
2236 2689 2308 2736 rei
2343 2688 2552 2751 publicae

532 2790 701 2839 parem
751 2790 851 2821 non
888 2788 1003 2819 esse
1040 2771 1128 2835 (cf.
1167 2771 1223 2822 C.
1266 2772 1344 2820 ll.
1381 2772 1485 2820 init.
1525 2782 1573 2821 et
1611 2773 1667 2821 C.
1719 2773 1797 2821 12.
1845 2773 1977 2837 init).
2024 2772 2264 2827 Fortasse
2313 2772 2460 2820 simul
2502 2774 2552 2821 id

535 2859 665 2925 egit,
699 2863 751 2905 ut
795 2858 1050 2906 recitando
1100 2859 1195 2906 hoc
1250 2857 1417 2907 libello
1473 2859 1675 2906 Patrum
1720 2846 1895 2923 preces
1932 2858 2421 2924 interrumperentur,
2472 2876 2549 2918 ne,

534 2943 649 3008 quid
686 2942 910 3002 sentiret,
947 2943 1140 3006 aperire
1178 2950 1451 3009 cogeretur.

675 3028 902 3079 Ceterum
955 3045 1238 3089 monemuS,
1285 3030 1543 3079 Dionem
1597 3031 1935 3093 recitationem
1983 3029 2128 3094 hujus
2175 3029 2354 3091 libelli,
2407 3047 2548 3094 quem

535 3130 644 3163 cum
681 3115 836 3162 tribus
872 3113 1005 3173 aliis,
1043 3114 1105 3162 ab
1143 3114 1374 3180 Augusto
1412 3116 1623 3176 relictis,
1660 3117 1712 3164 in
1761 3123 1936 3165 senatu
1981 3115 2264 3181 praelectum
2311 3129 2425 3164 esse
2473 3130 2546 3163 re-

532 3201 627 3248 fert
670 3197 865 3259 56,33.‚
904 3215 1010 3248 cum
1046 3199 1144 3246 ista
1183 3198 1371 3249 'riberii
1419 3202 1858 3265 tergiversatione,
1898 3205 2037 3266 cujus
2085 3202 2384 3252 mentionem
2430 3202 2546 3251 facit

628 3384 660 3428 ¹)
687 3386 839 3419 Taciti
863 3384 994 3427 open.
1019 3384 1187 3419 Hannon
1213 3384 1316 3419 18³4.
1342 3385 1426 3419 Vol.
1454 3384 1485 3419 1.
1514 3395 1547 3427 p.
1574 3384 1630 3419 ⁸5.
