2960 3806
1287 309 1359 380 <8
1390 309 1461 361 ²⁸
1495 307 1566 378 ἃ

1370 448 1486 497 ibid.

493 542 727 593 tentantis
773 539 947 588 eadem
993 538 1123 586 alios
1166 537 1381 599 probare
1420 547 1618 584 eausam
1668 534 1861 581 senatui
1905 534 2085 595 jussit,
2134 533 2362 598 cupidine

712 625 992 697 severitatis
1026 621 1078 671 in
1112 619 1177 671 iis
1214 621 1381 679 etiam,
1417 635 1527 685 quae
1561 618 1654 667 rite
1689 619 1890 676 faceret,
1925 620 2155 676 acerbus·

568 731 616 781 A
628 746 656 778 c
669 745 696 777 e
709 728 775 776 rb
785 744 816 776 u
831 741 856 774 s
893 724 1071 775 Tacito
1108 723 1342 774 Tiberius
1379 736 1495 771 esse
1529 722 1719 771 videtur
1734 756 1748 781 ‚
1785 721 1917 787 quod
1953 738 2059 783 eos,
2099 724 2180 788 qui
2217 725 2281 772 ob
2317 738 2435 790 pau·

432 824 672 886 pertatem
707 813 904 864 veniam
941 810 1131 862 ordinis
1168 815 1412 877 peterent,
1460 825 1659 858 causam
1704 822 1772 857 co
1785 823 1810 855 r
1820 826 1850 858 a
1863 824 1906 856 m
1953 825 1978 857 s
1993 823 2021 858 e
2032 825 2063 857 n
2074 827 2104 858 a
2117 816 2178 858 tu
2225 810 2438 874 probare

430 921 473 953 s.
511 906 843 968 paupertatem
879 913 910 964 p
920 914 951 946 a
961 897 980 946 l
990 915 1015 946 a
1029 913 1073 946 m
1118 895 1320 946 confit
1332 908 1362 945 e
1372 907 1396 943 r
1410 895 1428 944 i
1465 894 1673 957 jusserit
1684 911 1701 953 3
1738 910 1783 942 v,
1829 895 2102 958 proximam
2148 895 2439 945 enuntiatio-

431 1003 539 1038 nem
553 1003 566 1036 z
602 983 793 1045 „ceteri
831 1000 858 1032 s
870 985 887 1032 i
899 984 916 1030 l
926 999 954 1030 e
964 998 995 1032 n
1006 983 1052 1030 ti
1065 998 1093 1030 u
1106 997 1155 1030 m
1197 988 1247 1028 et
1293 986 1629 1046 paupertatem
1675 993 1703 1027 c
1714 993 1743 1027 o
1755 995 1784 1028 n
1796 980 1822 1027 t'
1828 993 1858 1027 e
1870 994 1934 1025 ss
1949 980 1962 1026 i
1977 995 2007 1026 o
2019 980 2080 1028 ni
2116 989 2168 1030 et
2201 979 2440 1030 beneficio

432 1074 798 1136 praeposuere⁶‘.
848 1068 960 1118 Hoc
997 1084 1140 1132 quum
1175 1084 1200 1116 r
1211 1067 1227 1116 i
1237 1074 1292 1115 te
1328 1066 1390 1116 fa
1400 1071 1495 1116 ctu
1506 1082 1548 1115 m
1587 1064 1796 1114 Tacitus
1834 1065 1981 1124 dieat,
2022 1065 2152 1129 quod
2190 1066 2439 1127 Tiberius,

434 1164 485 1207 ut
519 1174 586 1209 ea
601 1173 629 1205 u
645 1171 712 1205 sa
724 1172 773 1205 m
810 1168 1053 1221 pauperes
1090 1169 1121 1218 p
1132 1169 1156 1202 r
1170 1168 1201 1200 o
1214 1153 1241 1200 b
1253 1169 1282 1202 a
1298 1167 1357 1201 re
1371 1155 1443 1211 nt,
1480 1150 1827 1217 postulaverit,
1864 1150 2107 1215 improbat
2142 1167 2174 1215 p
2187 1151 2281 1201 ubl
2294 1152 2443 1202 icam

434 1243 562 1293 lianc
577 1278 592 1302 ,
630 1241 809 1306 qnippe
855 1255 960 1306 quae
1014 1237 1282 1307 ignominia
1331 1236 1537 1305 quadam
1584 1235 1770 1288 afficiat
1780 1272 1797 1297 ‚
1833 1237 2136 1302 paupertatis
2196 1252 2222 1284 c
2236 1250 2265 1286 ο
2280 1252 2308 1286 ιι
2323 1237 2349 1288 f
2355 1255 2383 1288 e
2394 1254 2443 1287 s·

436 1345 461 1377 s
477 1328 493 1378 i
505 1343 535 1374 ο
546 1342 576 1377 ιι
588 1343 616 1376 e
628 1342 686 1375 m·

1332 1449 1373 1500 l.
1406 1447 1489 1499 ⁷6.

507 1539 806 1590 relabentem
842 1543 1015 1585 secuta
1051 1542 1129 1584 est
1173 1532 1619 1586 aedificiorum
1662 1542 1722 1584 et
1759 1534 2065 1584 hominum
2101 1541 2375 1601 strages.

576 1641 884 1693 Aedificia
919 1640 1062 1703 aquis
1088 1640 1291 1688 subruta
1326 1643 1635 1698 corruerunt}
1674 1640 1964 1688 homiues
2002 1648 2051 1685 et
2088 1642 2229 1688 ruina
2264 1638 2440 1690 aediti—

440 1726 625 1775 ciorum
679 1725 907 1790 oppressi
951 1733 1065 1772 sunt
1106 1731 1154 1771 et
1206 1726 1541 1789 stagnantium*
1584 1740 1814 1790 aquarum
1864 1726 2127 1789 vaporibus
2175 1725 2339 1775 affecti
2396 1727 2445 1775 in

440 1813 637 1864 morbos
674 1808 954 1861 “umfflerunt
989 1808 1288 1860 mortiferos-

1390 1933 1511 1985 ibid.

534 2052 632 2090 non
671 2032 965 2087 crediderim
1001 2035 1065 2085 ad
1101 2036 1442 2086 ostentandam
1479 2034 1740 2086 saevitiam
1778 2035 2144 2102 movendasque
2192 2036 2361 2103 populi

916 2120 1220 2170 offensiones
1256 2134 1549 2171 concessam
1587 2121 1691 2171 filio
1722 2120 1982 2171 materiem.

554 2211 758 2277 'Erana
796 2222 876 2288 qui
916 2224 1278 2284 existimarent,
1318 2221 1569 2274 Tiberium
1616 2225 1917 2274 abstinuisse
1966 2227 2094 2275 ludis
2143 2227 2451 2292 gladiatoriis

445 2309 714 2375 Drusoque·
756 2310 857 2361 fino
912 2326 1090 2358 munus·
1141 2307 1229 2357 liis·
1268 2307 1572 2375 spectaculis
1635 2309 1932 2374 praesid'endi
1989 2314 2328 2370 concessisse,
2382 2316 2450 2371 ut,

446 2398 579 2444 mota
624 2393 862 2444 adversus
907 2412 1043 2455 eum,
1082 2394 1261 2460 quippe
1307 2396 1389 2462 qui
1434 2395 1678 2459 ejusmodi
1713 2397 1857 2446 rebus
1892 2396 2160 2463 gauderet,
2198 2396 2453 2447 saev-itiae

450 2480 827 2546 suspicion-e
873 2487 1018 2544 atq-ue
1061 2480 1283 2529 eivium
1333 2481 1733 2540 ostensione,
1780 2483 1916 2546 ipse,
1955 2481 2037 2548 qui
2085 2484 2328 2533 interesse
2377 2483 2452 2534 bis

449 2564 579 2615 ludis
615 2565 786 2627 nollet,
823 2573 957 2615 tanto
994 2565 1154 2629 magis
1190 2565 1360 2632 populi
1392 2562 1595 2630 gratiam
1632 2564 1792 2617 iniret.
1867 2566 1975 2617 Sed·
2015 2576 2150 2617 recte
2188 2567 2452 2618 Tacitus

450 2655 656 2711 tantam,
693 2652 788 2711 ait,
825 2651 1065 2700 invidiam·
1108 2649 1367 2699 abliorrere
1415 2667 1451 2701 a<
1492 2651 1768 2703 natural-i
1801 2659 1948 2718 atque
1989 2653 2183 2704 iinsito
2230 2655 2286 2704 i²n
2322 2655 2450 2704 ani·

450 2752 494 2786 m
505 2735 563 2787 is
597 2744 791 2802 patrum
820 2750 938 2802 erga
991 2735 1122 2786 filios
1157 2751 1334 2785 amore.
1564 2724 1570 2732 ⁷

1376 2876 1414 2937 1·,
1466 2876 1549 2928 ⁷7.

506 2978 683 3026 silente
720 2977 943 3037 Tiberio,
982 2979 1063 3045 qui
1097 2990 1167 3026 ea.
1195 2991 1221 3024 s
1232 2977 1310 3026 i'm
1324 2993 1354 3025 u
1366 2977 1418 3026 l'a
1433 2991 1497 3026 er
1509 2995 1540 3027 a
1576 2979 1621 3028 l'zi
1632 2980 1662 3028 b
1675 2986 1830 3028 ertat
1845 2982 1897 3031 is
1935 2982 2131 3031 senatui
2159 2980 2418 3046 praebebat.

460 3171 465 3176 ³
595 3095 959 3153 simulacra,
1016 3096 1254 3149 libertatis
1306 3094 1429 3148 haec
1482 3103 1647 3161 erant,
1701 3099 1819 3165 quia>
1857 3106 2115 3151 senatores
2173 3098 2328 3151 inter
2389 3116 2457 3151 se

458 3181 654 3246 qnidem
722 3184 783 3235 in:
842 3182 988 3233 rebus
1052 3183 1256 3233 minoris
1319 3185 1561 3234 momenti
1613 3193 1874 3251 praesente
1936 3187 2152 3250 principe
2213 3185 2453 3240 interdum

463 3267 770 3336 pugnabant,
824 3283 991 3335 neque*
1036 3284 1153 3318 vero
1205 3269 1303 3335 ipsi
1356 3269 1564 3338 principi
1578 3306 1603 3330 ,.,
1648 3271 1742 3321 nisi
1794 3287 1881 3338 per
1932 3271 2180 3336 speciem,
2218 3273 2453 3337 refragari

461 3351 717 3404 audebant.

2178 3437 2244 3487 A*
